3004 4926
712 336 940 400 ...43ss-

278 519 563 588 Almoladhdhelue
590 519 749 604 narrarit,
775 521 926 606 primum,
955 521 1010 604 qui
1037 519 1101 584 ista
1121 519 1237 584 dixerit
1256 517 1371 603 verba,

277 629 379 700 luisse
398 629 553 692 Melicum
581 627 756 692 ben-Auhf
777 627 1065 691 ben-Abi-Ahmru
1090 627 1266 690 nen-Auhs
1286 626 1373 690 ben-

276 723 731 803 Muhdtom'Sohaibonoam.
774 734 914 797 Sinanus
935 735 1137 820 ben-Auhf,
1161 732 1371 798 dissuadente

276 843 415 926 Malico,
445 860 517 904 cum
545 861 645 904 uxore
673 860 753 924 sua,
782 841 846 902 filia
873 841 969 902 Auhii
990 840 1309 924 oon-Abu-Ahmru,
1333 849 1370 902 ut

273 950 420 1033 pabulum
441 958 628 1031 quaereret,
656 949 820 1029 profectus
848 956 924 1010 erat.
966 950 1001 1010 ln
1022 949 1077 1010 via
1095 949 1282 1010 Merwanus
1303 949 1370 1010 Al-

273 1057 428 1121 karathus
449 1056 695 1119 ben-Dsenbah
717 1053 992 1118 ben-Hodsaifah
1012 1055 1167 1140 Ahbaita,
1190 1057 1220 1118 ei
1241 1057 1370 1120 obviam

274 1168 363 1230 venit
383 1174 417 1227 et
438 1163 593 1246 celeriter,
615 1161 688 1224 dum
709 1162 919 1244 pugnabatur,
941 1163 1009 1223 eius
1030 1173 1162 1225 uxorem
1183 1161 1315 1225 abduxit
1336 1172 1369 1228 et

272 1257 353 1337 inter
370 1273 452 1336 filias
467 1280 500 1334 et
513 1289 642 1338 sorores
663 1288 741 1332 suas
762 1269 943 1332 occultavit.
987 1269 1093 1349 Quum
1114 1270 1209 1353 igitur
1229 1271 1369 1333 Melicos

272 1380 458 1446 redeuntem
483 1381 637 1445 Sinanum
663 1379 882 1462 interrogaret.
926 1378 1012 1458 Quid
1040 1398 1131 1442 soror
1161 1399 1234 1442 mea
1260 1375 1368 1443 lecit‘l

272 1489 451 1574 respondit3
480 1488 593 1552 hastas
622 1488 726 1568 ipsum
747 1488 787 1550 ab
809 1506 849 1549 ea
869 1486 1051 1560 abduxisse.
1091 1487 1182 1550 Dixit
1203 1495 1268 1549 tum
1288 1489 1367 1551 Ma-

273 1599 369 1664 ¹i⁰¹¹⁸²
391 1610 477 1684 W
501 1626 570 1698 Ψ),
604 1596 660 1682 ω
686 1608 774 1680 (ξω.
799 1605 879 1694 ”52³
904 1625 976 1696 9))
1004 1596 1085 1692 υἷ’.)
1110 1625 1186 1686 ΨΨ
1212 1598 1295 1675 ab?
1319 1627 1366 1698 Ψ)

274 1727 342 1808 ta„
365 1723 434 1824 ως.
458 1723 517 1807 „l
545 1721 672 1801 „Saepe
691 1721 852 1784 festinatio
879 1719 933 1782 dat
960 1721 1193 1784 cunctationem
1215 1730 1248 1784 et
1267 1740 1367 1803 saepe

272 1848 482 1914 meticulosus
503 1848 678 1927 appellatur
698 1847 749 1907 leo
772 1853 805 1907 et
825 1863 912 1927 sepe
933 1846 1040 1926 pluvia
1059 1865 1123 1908 non
1139 1841 1367 1930 eratpluvia“,

273 1973 357 2038 quae
383 1954 488 2018 omnia
515 1954 616 2017 verba
648 1952 680 2016 in
712 1954 870 2033 proverbii
905 1952 1166 2018 consuetudinem
1199 1963 1366 2018 venerunt.

275 2061 481 2126 Proverbium
502 2068 609 2123 autem
630 2059 706 2122 illud
727 2061 758 2120 in
778 2060 879 2122 virum
902 2059 1026 2143 dicitur,
1042 2062 1155 2145 quiret
1174 2065 1366 2127 necessaria

281 2187 391 2252 magna
411 2166 585 2250 cupiditate
606 2167 722 2230 ardena
743 2165 834 2229 inea
853 2176 1027 2250 permanet,
1050 2168 1152 2232 donec
1172 2177 1240 2233 tota
1260 2171 1345 2246 abiit.

543 2279 1142 2502 QQQQW

280 2549 331 2621 37.
372 2541 535 2618 Ostende
568 2482 658 2614 niihi
693 2541 862 2640 (nubem)
888 2480 1008 2642 pardi
1022 2540 1188 2616 colorem
1215 2543 1365 2619 haben-

372 2683 463 2761 tem,
493 2664 684 2743 ostendam
709 2667 777 2740 tibi
803 2691 883 2739 eom
909 2681 1033 2766 guttas
1059 2667 1221 2769 singulas
1249 2673 1364 2744 emit-

372 2799 529 2867 lenteml

354 2921 516 2986 Suffixum
539 2923 572 2988 la
599 2920 631 2982 iu
651 2937 736 2983 voce
757 2920 842 3022 iffi)
870 2920 910 2982 ad
932 2938 1048 2983 vocem
1069 2924 1185 3007 &Bw
1211 2925 1364 2988 omissam

270 3045 473 3110 referendum
494 3054 553 3109 est.
583 3041 747 3108 Proverbii
768 3063 886 3108 sensus
908 3057 976 3110 est:
999 3049 1037 3112 Si
1056 3049 1102 3111 rei
1122 3049 1239 3113 indicia
1257 3051 1363 3128 vides,

270 3172 353 3235 quae
372 3173 439 3217 rem
461 3161 645 3237 sequuntur,
666 3171 719 3216 res
740 3154 817 3238 scis,
832 3155 1096 3236 quemadmodum
1118 3178 1160 3220 ex
1180 3160 1252 3221 talis
1271 3160 1364 3223 nubis

270 3261 389 3341 colore,
411 3279 483 3323 eam
504 3258 628 3321 nonnisi
647 3275 769 3340 paucas
789 3268 900 3342 guttas
921 3261 1108 3326 emissurum
1130 3282 1216 3347 esse,
1236 3257 1364 3348 coguo-

278 3385 363 3431 tcore
383 3365 468 3427 licet.
494 3364 586 3431 Conf.
608 3365 700 3427 Kam.
721 3384 748 3428 a.
769 3387 802 3428 v.
817 3376 891 3466 μ’.
993 3374 995 3378 ’
1283 3375 1287 3384 ’

551 3505 1105 3708 QQWAEm

270 3759 329 3831 38.
380 3748 482 3830 Vidit
510 3743 633 3823 stellas
658 3747 819 3822 meridie.

350 3887 430 3949 Dies
451 3883 590 3948 tenebris
612 3885 737 3948 omnino
759 3885 945 3947 obscuratus
960 3892 1041 3971 erat,
1060 3896 1093 3949 ut
1113 3889 1254 3952 meridiei
1273 3897 1361 3953 tem-

267 4011 346 4074 pore
373 3993 485 4056 stellas
511 3990 644 4053 videret.
692 3991 869 4054 Adhibetur
902 3991 942 4053 ad
970 4012 1120 4077 magnam
1149 3998 1360 4060 calamitatem

267 4096 507 4180 designandam.
530 4098 623 4161 Conf.
643 4119 733 4180 prov.
754 4099 804 4162 79.
847 4099 972 4183 cecinit
996 4101 1215 4165 Tharalahus:

315 4227 347 4255 ω
362 4213 377 4253 ι

316 4231 525 4368 offleii·
549 4222 764 4364 tautam
862 4227 1311 4390 mamas-”ig
