2970 4946
562 359 602 374 -
643 324 706 388 675
747 359 788 376 -ι-

130 771 190 839 81.
242 759 381 839 Malum
407 705 755 865 est1qu0dferam
781 767 935 866 gannire
960 764 1059 838 fecit.

213 890 422 958 Proverbium
448 891 480 954 in
507 891 638 958 scholiis
663 892 712 954 sic
739 893 934 974 explicatum
962 901 1024 956 ests
1059 894 1092 955 V
1095 913 1137 954 ox
1157 904 1226 990 fs

131 1015 317 1078 nominativi
338 1034 449 1079 casum
470 1016 581 1099 hahet,
605 1017 688 1098 quod
707 1017 836 1100 phrasin
862 1017 971 1098 incipit
998 1017 1110 1105 modu,
1133 1035 1226 1097 quem

132 1125 331 1206 grammatici
351 1130 453 1210 stasmi
475 1125 642 1207 appellant.
677 1126 740 1187 Est
761 1146 828 1189 vux
849 1125 1100 1190 indeterminata.
1122 1125 1225 1187 Vocis

132 1258 237 1311 autem
259 1249 519 1312 indeterminatae
541 1249 679 1313 conditio
699 1258 773 1333 est,
795 1257 913 1313 utnon
934 1251 1063 1334 incipiat
1083 1251 1226 1333 phrasin,
1349 1237 1352 1250 ’

131 1359 194 1418 nisi
213 1357 365 1438 specialis
385 1357 473 1420 facta
495 1359 536 1419 sit
556 1358 664 1421 verbis
686 1358 801 1420 additis
821 1377 874 1436 ex.
895 1376 944 1440 gr.
974 1389 1047 1460 μμ
1066 1393 1109 1444 c„
1134 1362 1227 1458 pa)

132 1477 207 1581 0⁹)ss
229 1481 308 1544 »vir
330 1501 349 1544 e
369 1491 467 1565 gentc
488 1485 611 1546 Tarnim
634 1491 684 1546 est
706 1501 833 1565 equesc
868 1485 903 1544 tn
922 1463 1092 1564 prdverbic
1114 1500 1229 1563 quam-

133 1624 227 1687 quam
247 1608 289 1668 nil
302 1606 445 1672 additum
459 1616 521 1692 est,
543 1607 575 1670 id
590 1616 697 1671 tamen
709 1609 830 1672 licitum
850 1617 913 1684 est,
936 1607 1008 1690 quia
1021 1623 1138 1668 sensus
1160 1613 1228 1668 est:

132 1715 232 1818 sachi
257 1715 319 1800 gab‘
346 1717 377 1782 hi
400 1720 466 1814 ‚Ji
495 1718 520 1783 ta
548 1718 665 1780 »Nulla
690 1736 743 1780 res
768 1717 901 1799 gannire
927 1715 1006 1778 fecit
1036 1714 1140 1776 feram
1166 1713 1226 1776 nisi

133 1842 279 1902 malum«
310 1840 488 1902 Adhibetur
518 1843 717 1923 proverbium
747 1843 788 1904 de
814 1841 937 1904 indiciis
965 1840 1038 1903 mali
1063 1855 1226 1920 appareu-

132 1951 226 2010 tibus.

134 2262 195 2334 82.
245 2257 355 2358 Ligu,
383 2283 406 2330 ο
433 2253 687 2358 Hothsobijje,
720 2285 849 2332 arcum
875 2268 999 2336 tuum!

217 2377 423 2444 Proverbium
444 2383 533 2464 genti
553 2383 770 2446 Banu-Asad
792 2386 950 2465 proprium
972 2393 1032 2446 est.
1065 2385 1230 2458 Hortatur,

135 2499 169 2552 ut
191 2488 231 2552 ad
250 2509 317 2552 rem
340 2488 498 2574 agendam
519 2491 621 2571 parati
643 2498 676 2552 et
701 2492 846 2553 instructi
867 2492 975 2554 simus.

137 2862 185 2932 83
249 2856 350 3028 {tibh
358 2886 371 2943 3
405 2857 469 2930 sed
494 2883 574 2931 non
599 2855 763 2960 explevit
789 2833 886 2930 sitim
912 2873 949 2928 et
974 2874 1051 2930 non
1077 2863 1230 2930 satiatus

266 2973 332 3030 uit.

218 3083 270 3145 De
292 3104 330 3145 ec
353 3083 476 3167 dicitur,
499 3086 551 3166 qui
570 3087 616 3147 rai
636 3085 801 3149 fastidium
822 3083 1009 3147 nonhabet.
1058 3103 1061 3109 ’

279 3265 1118 3396 &fflfffflmffid

139 3413 195 3488 84.
246 3414 380 3488 Mensis
405 3418 443 3488 in
470 3441 548 3517 quo
575 3411 712 3488 humor
740 3436 775 3490 et
803 3423 935 3494 mensis
960 3422 998 3492 in
1025 3447 1103 3522 quo
1130 3419 1232 3494 vides

247 3557 283 3630 et
308 3532 441 3616 mensis
457 3545 503 3622 ,in
530 3567 608 3642 quo
633 3559 785 3644 pratum
812 3560 879 3628 est.

218 3666 352 3727 Menses
373 3669 459 3730 veris
480 3676 564 3730 sunt.
597 3668 736 3731 Primum
758 3671 867 3749 pluvia
888 3669 1025 3754 decidit,
1055 3679 1120 3732 tum
1149 3687 1228 3752 gra·

139 3771 222 3833 mina
254 3775 432 3836 crescentia
464 3774 577 3857 vides,
614 3783 679 3838 tum
715 3775 813 3859 longa
845 3785 919 3840 sunt
950 3785 982 3838 et
1012 3776 1232 3860 depascuntur.

139 3879 308 3943 Vocabula
334 3889 402 3980 ὡς·
428 3891 461 3944 et
489 3901 560 3980 &st
588 3900 660 3946 cum
686 3883 762 3945 Nun
790 3885 822 3946 iu
848 3885 911 3946 flue
932 3882 1124 3948 enuntianda
1145 3894 1231 3968 suut,

143 4024 222 4086 quae
243 4007 349 4070 littera
372 4005 411 4069 cb
440 4024 555 4072 vocem
582 4041 651 4112 ⁸⁵?
683 4009 803 4072 omissa
829 4020 899 4093 est,
928 4017 963 4072 ut
992 4027 1091 4073 sonus
1116 4030 1232 4076 vocrun

141 4131 266 4196 omnino
293 4134 437 4216 aequalis
463 4143 562 4214 esset.
604 4137 685 4200 Tum
715 4155 840 4220 quoquc
868 4146 917 4221 app
944 4136 981 4199 in
1010 4156 1056 4198 eo
1084 4138 1114 4200 in
1137 4141 1234 4203 trihus

140 4257 308 4340 phrasibus
330 4262 482 4324 omissum
505 4269 555 4325 est
575 4281 622 4325 sc.
642 4271 710 4362 &js
734 4275 782 4349 ῳ
800 4274 868 4363 ,με
888 4272 950 4328 etc.
