3014 4936
685 362 726 376 ..
765 327 829 394 304
872 360 914 373 .-

325 516 500 581 Provorbio
522 524 555 579 et
574 512 757 577 nominativi
777 519 810 573 et
829 507 1007 574 accusativi
1028 526 1127 572 casus
1147 507 1241 572 tribui
1254 525 1363 590 posse

264 627 406 708 videtur3
434 627 464 689 si
484 623 704 690 accusativum
724 619 879 703 admittis,
906 611 1044 680 verbum
1065 617 1273 700 supplendum
1293 626 1362 682 est.
1403 651 1414 660 -

266 736 369 803 Simili
389 735 510 799 ratione
530 729 659 831 thl
683 735 743 815 M
767 727 884 831 υψϊ
907 727 1053 810 „Sooius
1074 737 1149 790 anto
1169 721 1281 790 viam“
1302 725 1365 790 di-.

264 863 354 926 citur.
395 862 572 940 Utrumque
597 855 798 938 proverbium
823 853 969 916 Haririua
1003 851 1152 914 adhibuit.
1195 849 1289 914 conf.
1323 869 1362 930 p.

263 969 335 1032 534.
367 965 416 1028 cd.
446 965 486 1028 dc
514 967 612 1046 sncy.
659 963 769 1025 Verba
803 969 908 1025 autom
935 959 1017 1023 hacc
1043 955 1260 1022 Mohammedi
1293 957 1362 1038 ipsi

263 1077 449 1138 tribuuntur.
497 1073 554 1136 lllo
587 1079 694 1134 autem
721 1069 888 1153 proverbio
915 1069 1057 1132 homines
1085 1077 1211 1152 monet,
1242 1074 1295 1149 ut,
1327 1065 1362 1128 si

265 1185 337 1267 quis
358 1182 486 1245 domum
506 1201 612 1245 emero
630 1181 720 1265 volit,
740 1187 845 1263 antea,
860 1179 930 1261 quis
952 1179 1022 1240 olus
1042 1178 1166 1239 vicinus
1187 1176 1241 1258 sit,
1263 1193 1362 1256 quac-

213 1345 215 1350 .
264 1299 323 1354 rat.
366 1290 458 1353 conl.
480 1290 596 1370 lllrpon.
619 1286 724 1368 Adag.
744 1287 794 1348 a.
816 1293 849 1346 et
875 1284 950 1369 „ol
965 1283 1142 1347 Plcisoheri
1160 1283 1231 1346 Alis
1258 1279 1361 1342 hund.

266 1390 439 1482 Spmicho“
456 1417 486 1478 p.
505 1397 555 1459 89.
596 1395 633 1456 ln
655 1392 922 1457 Soharas-Aldini
943 1412 1039 1474 oporo
1059 1391 1174 1473 legitur
1193 1396 1262 1474 μ
1281 1374 1363 1488 μὶ

261 1522 343 1624 ,toll
363 1522 524 1607 „Vicinus
544 1527 620 1584 anto
640 1513 803 1581 domum.“

569 1805 573 1818 .
626 1657 758 1833 39ζῖ,
793 1656 888 1853 ἕξ
958 1722 1000 1802 n

266 1911 329 1990 89.
377 1905 527 1980 Potatio
554 1902 748 1979 abundans
775 1919 811 1976 et
836 1929 960 2005 pauca
985 1927 1096 2004 aqua.

348 2030 436 2112 Opas
455 2040 531 2094 tuae
550 2049 671 2113 parvae
691 2038 782 2115 sunt,
811 2039 844 2092 et
864 2039 898 2093 tu
918 2033 1049 2094 multum
1071 2047 1195 2111 erogas.
1235 2030 1273 2090 ln
1294 2028 1362 2090 ho·
1485 2111 1486 2122 ἵ

264 2138 381 2201 minam
402 2155 481 2219 opos
501 2155 577 2200 suas
598 2136 821 2219 dilapidantem
842 2135 964 2199 dicitur.

407 2282 526 2466 ll}
563 2273 617 2464 ζ..
650 2260 836 2443 ὣς
858 2242 992 2464 toul
1024 2283 1144 2464 &ou
1214 2323 1249 2402 a.

263 2507 325 2582 90.
375 2504 516 2610 Aperte
542 2522 579 2580 te
606 2503 697 2578 mihi
722 2529 873 2608 oppone
905 2518 942 2576 et
979 2529 1049 2601 ego
1085 2529 1144 2614 mc
1175 2502 1240 2578 tibi
1280 2530 1360 2605 op-

374 2659 513 2735 ponam
521 2662 533 2720 3
561 2629 626 2708 sed
658 2615 863 2706 occultatio
888 2646 943 2705 est
968 2630 1100 2732 agendi
1125 2631 1221 2704 ratio
1246 2645 1325 2704 tua.

345 2767 501 2832 lluturum
523 2777 734 2850 apocopatum
753 2787 794 2828 ex
809 2767 1009 2850 imperativo,
1032 2765 1084 2828 oui
1105 2763 1242 2827 conditio
1262 2764 1359 2846 inest,

264 2874 390 2956 pendet.
439 2877 477 2940 si
505 2884 537 2937 tc
563 2875 638 2938 mihi
669 2884 780 2956 oporte
807 2876 941 2955 opponis
946 2918 958 2959 7
996 2893 1058 2956 ego
1086 2893 1138 2936 mo
1166 2873 1222 2935 tibi
1243 2891 1359 2954 ⁴oppo-

265 3001 347 3046 uam.
390 2983 564 3047 Proverbio
584 2984 647 3046 hoo
666 2985 827 3048 inimicitia
849 2983 1046 3046 clandestina
1066 2983 1260 3066 reprobatur.

507 3115 1112 3310 ,tiammo

267 3355 326 3426 91.
363 3347 489 3426 Neruo
515 3350 696 3427 camelino
722 3349 849 3428 obduc
875 3350 1082 3452 (cultrum),
1109 3353 1138 3425 si
1164 3349 1240 3426 hoc
1258 3377 1358 3424 com·

363 3473 477 3551 modo
504 3503 581 3550 esse
606 3505 715 3580 posse
740 3495 862 3582 putas.

350 3608 445 3688 Quod
476 3612 504 3672 si
529 3612 622 3674 vobis
651 3613 816 3676 commodo
845 3632 920 3675 osse
953 3613 1089 3695 putatis,
1121 3628 1188 3673 rom
1213 3617 1356 3673 vostram

266 3714 463 3805 confirmate,
485 3704 598 3780 namo
620 3721 732 3806 cultro,
752 3721 843 3782 cuius
864 3720 1059 3782 manubrium
1080 3737 1179 3780 nervo
1202 3717 1355 3780 camelino

268 3824 402 3889 obducto
423 3825 576 3909 firmatur,
597 3826 628 3888 in
649 3829 727 3890 alias
748 3845 800 3892 ros
821 3829 993 3890 translatus
1017 3836 1069 3889 ost
1088 3845 1203 3890 sermo.
1233 3825 1355 3889 Obser-

266 3931 405 4044 vandum
426 3943 493 4018 cot,
523 3925 774 3998 coniunctionom
791 3935 859 4026 ,.l
881 3934 1032 4018 indicare,
1047 3954 1115 3997 rom
1135 3934 1355 3997 nonfuturam

267 4071 360 4138 osse,
383 4064 418 4118 ut
423 4101 435 4143 ,
463 4059 663 4143 citaverint,
690 4061 729 4121 iis
750 4049 915 4126 commodo
935 4061 1073 4125 loturum
1095 4062 1230 4125 nonsit.
1271 4061 1352 4123 Pro·

266 4164 428 4250 veroium,
455 4168 487 4229 in
512 4167 610 4231 rebus
631 4187 651 4234 a
670 4169 741 4233 Deo
765 4167 882 4234 homini
903 4155 1069 4236 destinatis
1097 4171 1276 4240 cautionem
1303 4168 1353 4231 in-

267 4273 377 4338 utilem
399 4289 486 4358 esse,
508 4274 612 4341 docet.
