2988 4952
710 311 1004 394 ,ag-¹

347 463 441 556 Voce
460 489 611 580 μυ
637 503 764 556 cuncus
785 493 921 575 ligneus,
943 495 1046 575 quiin
1067 497 1149 578 loco,
1172 493 1223 558 ubi
1244 493 1355 556 cameli

263 620 475 703 decumbunt,
504 629 608 684 terrae
636 619 773 702 infigitur
780 664 791 702 ,
821 629 854 682 ut
883 622 995 684 cameli
1019 623 1156 686 scabiosi
1181 642 1220 685 eo
1242 617 1362 702 corpus

264 729 388 811 fricent,
405 726 616 808 significatur3
639 727 827 789 vocabulum
849 734 955 789 autem
976 717 1085 835 &nixa
1106 731 1242 810 palmam
1261 730 1357 790 altam

268 866 300 918 et
313 856 484 937 pretiosam
504 853 664 937 designat,
686 872 767 934 quae
782 853 821 914 ab
831 851 993 916 >Arabibus
1019 869 1100 952 κιρ)
1123 853 1296 936 appellata,
1318 874 1358 915 ne

265 1003 286 1046 a
306 991 403 1045 vento
425 982 455 1043 in
477 991 591 1042 terram
614 981 791 1062 deiiciatur,
813 981 945 1043 fulcitur.
979 982 1120 1062 Utroque
1140 982 1301 1064 vocabulo
1317 977 1358 1040 ad
1456 1005 1459 1010 ·

266 1111 334 1154 rem
361 1090 532 1172 pretiosam
562 1087 789 1170 designandam
818 1096 951 1151 utuntur.
994 1089 1103 1151 Verba
1123 1090 1185 1151 ista
1212 1087 1280 1170 die,
1308 1087 1359 1169 qni

264 1197 391 1280 Wl
419 1227 486 1288 ”aa
511 1199 705 1278 appellatur,
727 1215 822 1280 quum
843 1195 1039 1256 Abu-Becro
1061 1195 1227 1258 chalifatus
1248 1212 1359 1256 munus

267 1322 458 1398 traderetur,
489 1322 673 1385 Alhebabns
695 1320 960 1383 bon-Almondsir
980 1321 1234 1402 ben-Aldjamuh
1247 1309 1359 1382 ¹Aiza-

266 1431 326 1492 rita
347 1429 468 1492 dixisse
489 1430 596 1512 fertur,
619 1429 863 1512 significaturus,
886 1447 924 1491 se
945 1448 1019 1490 esse
1038 1429 1149 1512 tirum,
1173 1430 1359 1510 cuiuspru-

268 1537 373 1599 dentia
395 1546 427 1598 et
448 1535 610 1598 consilium
631 1534 809 1596 adiumento
839 1534 974 1596 futurum
996 1544 1092 1597 esset.
1136 1536 1360 1599 Scharai-Al-

268 1644 331 1725 din,
354 1641 609 1726 Samachsobari.

271 2014 352 2084 126.
404 2006 542 2079 Cavete
567 1945 686 2080 viiide
711 2005 893 2080 fimetuml
970 1946 990 1986 ὅ

249 2165 251 2173 ·
350 2156 387 2214 ln
408 2155 486 2216 locis
513 2154 649 2238 deserti,
679 2164 820 2218 stercore
849 2155 1017 2236 inquinatis
1043 2155 1161 2218 herbae
1185 2157 1362 2240 progermi-

269 2281 344 2324 nare
373 2264 475 2324 solent
486 2308 498 2346 ,
537 2272 725 2344 quapropter
758 2264 992 2345 comparatione
1022 2264 1183 2349 instituta,
1212 2266 1362 2328 Mobam-

268 2369 395 2448 medes,
426 2370 477 2431 cui
507 2371 606 2432 verba
634 2371 716 2432 baec
744 2372 933 2455 tribuuntur,
970 2390 990 2433 a
1020 2372 1150 2452 pulchra
1178 2373 1312 2457 femina,
1346 2394 1364 2434 e

268 2484 366 2560 gente
393 2476 520 2557 ignobili
547 2487 714 2563 prognata,
745 2477 923 2540 cavendum
946 2495 1032 2559 esse,
1064 2480 1170 2541 verbis
1200 2481 1364 2562 significa-

269 2584 324 2647 vit.
360 2584 417 2648 Sic
437 2588 536 2649 verba
557 2587 755 2671 interpretes,
779 2587 831 2668 qui
852 2585 972 2666 ellipsin
993 2584 1172 2668 admittunt,
1195 2589 1363 2668 explicant.

269 2695 368 2781 &aa
396 2697 505 2792 als&
530 2686 707 2796 ΑΜ,
738 2709 876 2796 &We
899 2694 1044 2778 ‘ml
1071 2694 1201 2777 „fibi
1230 2697 1365 2777 »Utique

269 2838 331 2882 vos
352 2829 435 2900 prae'
451 2821 520 2882 aliis
540 2840 667 2903 moneo,
692 2828 726 2881 et
746 2839 808 2882 vos
821 2819 948 2882 ¹cavere
969 2819 1060 2881 iubeo
1082 2819 1182 2881 viride
1204 2820 1363 2882 limetumo

270 2929 313 2989 ldt
333 2920 417 2988 hairc
438 2944 513 2988 esse
534 2945 664 2989 causam
686 2926 811 3010 dicunt,
843 2945 898 2988 cur
918 2926 1042 2988 nonnisi
1063 2925 1094 2987 in
1115 2927 1261 2990 versibus
1283 2947 1363 2989 con-

267 3034 389 3114 junctio
406 3074 447 3120 9,
470 3051 551 3115 quae
566 3035 674 3096 verbis
690 3034 816 3097 omissis
833 3044 866 3096 et
882 3030 1066 3114 copulandis
1081 3032 1244 3116 inserviat,
1267 3037 1366 3097 omitti

271 3159 381 3240 possit.
403 3159 486 3221 conf.
509 3157 776 3242 Scharaf-Aldin,
800 3159 1042 3256 Samschschar.

280 3533 357 3604 127.
411 3462 570 3599 (indie
592 3542 636 3598 tu
668 3464 706 3600 es
726 3463 932 3610 iocorum,
971 3527 1008 3596 in
1043 3463 1181 3627 {uibus
1217 3525 1365 3628 plantae

407 3661 518 3740 ρῳ
544 3648 752 3753 appellatae
778 3651 1018 3752 proveniunt.

356 3805 468 3867 Planta
489 3813 600 3892 ρῳ·
620 3804 652 3864 in
673 3803 765 3885 locis,
787 3803 839 3865 ubi
859 3803 969 3864 tubera
988 3810 1090 3866 terrae
1105 3812 1190 3886 sunt,
1212 3775 1365 3883 provenit.

275 3931 391 3991 Verbis
420 3937 526 3992 antem
552 3929 621 4010 vir,
651 3929 702 4012 qui
727 3949 780 3992 res
801 3929 860 3992 sibi
880 3931 1079 3992 necessarias
1100 3928 1220 4009 noscit,
1243 3927 1365 3991 descri-

275 4037 363 4098 bitur.
