2996 4928
690 317 915 384 ..594-

258 503 367 566 berem
392 501 440 564 irc
464 500 577 585 iussit,
604 510 639 564 ut
665 519 734 565 reru
754 500 935 564 accuratius
954 501 1013 566 sibi
1034 501 1065 562 in
1086 510 1226 564 mentem
1246 519 1357 564 revo-

259 616 364 691 caret3
385 609 515 672 aiterum
536 616 645 672 autern
665 601 807 691 apud'se
827 607 964 671 retinuit.
1007 609 1088 670 'l'um
1109 616 1253 691 tempore
1274 615 1358 690 post

257 703 471 780 remanentem
491 716 713 800 interrogavit,
734 726 881 801 putasne,
901 715 1024 779 socium
1039 716 1187 780 tuumad
1205 717 1359 780 arborem

256 824 319 888 iam
345 824 551 909 pervenisse,
588 837 621 886 et
649 842 743 914 quum
772 824 852 912 alter
879 823 923 886 nil
953 823 1100 907 cogitans
1128 823 1356 907 responderet,

256 932 400 1015 minime,
429 951 492 995 non
520 940 571 995 est
597 931 671 994 inde
699 933 828 995 multum
856 939 998 994 remotus
1005 976 1018 1015 ,
1046 952 1117 995 eum
1143 932 1357 1013 deceptorem

256 1059 332 1104 esse
361 1039 523 1124 cognovit
566 1040 647 1102 num
677 1039 884 1124 septuaginta
912 1058 973 1102 sex
1000 1023 1100 1102 annos
1126 1047 1235 1103 natum
1264 1039 1355 1102 diem

256 1169 439 1234 supremum
466 1149 583 1212 obiisse
610 1155 746 1210 narrant.
787 1149 891 1210 Poeta
915 1148 946 1210 iu
966 1167 1065 1211 versu
1086 1149 1204 1232 ingenii
1225 1148 1355 1211 acumi-

257 1259 324 1342 nis,
346 1275 411 1340 quo
430 1255 482 1319 ille
501 1255 657 1339 pollebat,
683 1254 874 1317 mentionem
894 1254 990 1333 fecit,
1013 1255 1140 1318 dicens:

257 1375 347 1481 osu
372 1375 446 1490 ut
468 1389 498 1500 s
522 1356 632 1464 „es
653 1365 748 1500 2}
771 1389 800 1499 s
825 1374 935 1500 ,aa
959 1374 1073 1498 aa
1098 1361 1222 1498 μμ
1245 1363 1354 1466 ,aar

259 1486 424 1604 onniacia
444 1538 579 1602 Ahmrui
599 1557 671 1602 cum
692 1486 881 1602 liberalitate
902 1539 1041 1622 Haemi,
1065 1487 1361 1604 cum'rnansuetui'

299 1649 371 1713 dinc
392 1647 526 1730 Ahnafl,
554 1665 625 1710 cum
646 1648 764 1732 ingenii
782 1648 927 1710 acumine
948 1646 1054 1728 ljasi.a

258 1997 318 2066 35.
365 1992 615 2092 Frequentius
640 2006 829 2080 scorteos,
856 2017 971 2092 quem
995 1991 1116 2065 Hirro.

339 2117 435 2180 Hirta
463 2126 530 2182 crat
557 2116 690 2201 Iudaea,
720 2117 784 2180 tilia
811 2119 921 2180 lamini
960 2139 1002 2182 ex
1034 2118 1255 2182 Hadramauto
1285 2120 1352 2182 ori-

257 2223 351 2288 unda.
384 2225 457 2290 Una
478 2243 585 2287 earum
607 2231 691 2307 erat,
720 2243 804 2308 qnae
824 2233 926 2288 morte
946 2225 1181 2289 Mohammedis
1211 2227 1352 2310 gavisae

257 2339 342 2394 sunt.
375 2330 611 2412 Almohadjirus
631 2331 974 2415 ben-Abi-Omajjah
995 2334 1176 2416 praefectus
1196 2333 1352 2397 Moham-

257 2437 359 2502 medis
380 2459 451 2503 eam
472 2439 558 2524 cepit
578 2447 612 2502 et
630 2440 775 2502 manibus
796 2441 964 2505 truncavit

649 2552 668 2584 o
728 2552 745 2586 c
821 2540 877 2584 aef-

259 2785 318 2858 36.
367 2781 615 2888 Frequentius
641 2801 809 2860 scorteos
850 2813 965 2892 quom
988 2787 1139 2864 Kirdus.

340 2908 560 2974 Alhaitsamus
579 2909 711 2974 Kirdum
731 2911 1035 2996 ben-Moahwijjah
1057 2935 1075 2977 e
1095 2925 1193 3000 gente
1213 2916 1350 2982 Hudsail

139 3063 145 3068 -
260 3024 363 3080 ortum
391 3018 490 3082 fuisse
517 3019 619 3080 virum
646 3019 783 3083 tradidit.
825 3010 937 3085 Virum
963 3023 1059 3084 istum
1081 3022 1122 3088 ad
1142 3024 1349 3092 Mohamme-

260 3126 332 3191 dem
354 3147 425 3202 cum
447 3130 515 3192 suis
535 3130 668 3191 venisse
688 3139 816 3193 narrant
822 3175 833 3214 ,
862 3138 899 3193 ut
919 3150 957 3195 se
977 3132 1213 3198 Mohammedis
1235 3147 1349 3199 secta-

259 3244 359 3299 torem
381 3236 514 3319 facerct,
534 3238 564 3298 si
589 3236 652 3318 ipsi
678 3245 820 3301 scortum
848 3242 1091 3321 permitteretur.
1135 3241 1242 3324 Quum
1270 3246 1349 3308 Mo-

260 3341 444 3408 hammedes
474 3364 540 3407 reru
570 3342 631 3425 ipsi
666 3364 729 3407 non
760 3348 996 3434 concessisset,
1029 3368 1065 3411 re
1100 3348 1218 3415 infecta
1249 3352 1348 3418 rediit.

260 3451 341 3514 Aliis
362 3457 469 3515 autem
489 3461 541 3556 ⁰r³
561 3452 644 3515 simii
664 3472 778 3517 nornen
798 3455 831 3517 in
852 3455 1021 3537 proverbio
1043 3466 1101 3521 est.

665 3584 681 3615 ο
776 3585 792 3617 ο
878 3570 935 3616 oui

471 3686 473 3694 ι
575 3633 732 3775 0195&
766 3657 834 3776 αθ
868 3619 932 3756 3)
1003 3639 1055 3716 i‘v

261 3819 320 3891 aa
369 3817 484 3916 Magis
510 3832 677 3892 scorteos
704 3843 818 3918 quam
844 3818 979 3892 simius.

342 3945 379 4006 In
403 3945 552 4008 vocabuli
586 3958 704 4042 &fissa
731 3944 963 4027 significatione
990 3966 1053 4010 non
1075 3950 1277 4013 consentiunt
1297 3951 1348 4013 in·

261 4048 426 4123 terpretes.
458 4045 540 4108 Aliis
561 4046 671 4108 simius
693 4053 757 4128 est,
778 4045 848 4108 aliis
869 4063 974 4132 ursus,
992 4042 1032 4110 'ut
1051 4049 1211 4129 proverbii
1230 4069 1348 4115 sensus

260 4147 319 4212 sit:
339 4149 449 4233 Magis
469 4161 615 4218 scorteos
621 4198 634 4238 7
664 4171 759 4234 quam
787 4171 891 4216 ursus.
934 4154 1016 4220 Cum
1047 4155 1110 4221 hoc
1131 4159 1266 4222 Kamusi
1286 4179 1348 4224 au-

261 4265 331 4320 ctor
354 4259 523 4322 consentit.
993 4273 997 4278 '
