3004 4926
693 281 916 350 -532..

255 479 318 555 est,
338 472 368 536 is
387 477 539 553 unquam
558 466 657 532 stater
676 464 827 531 cumbum
847 464 904 530 tibi
923 470 1085 551 praestet,
1113 483 1135 530 a
1155 482 1223 549 qno
1241 471 1353 528 temen

255 597 357 643 sensn
376 596 438 640 usn
457 576 601 640 bomioes
625 574 849 638 reoessissent.
892 573 986 638 Ocni.
1006 573 1077 635 libri
1096 571 1245 654 proverb.
1265 571 1352 636 Abi·-

256 685 382 753 0bbaid
410 694 473 748 etc.
499 682 569 765 (ed.
595 684 672 747 llrn.
697 682 870 746 Bertbeau.
898 679 1354 764 Getong.1s³6).p.seq

255 802 337 862 text.
363 793 421 857 Ar.

345 901 493 1044 »ω’
467 877 1157 1093 *titifficffid'eb
1228 950 1271 1030 r.

256 1145 317 1218 98.
367 1138 472 1212 Senis
498 1131 694 1211 consilium
724 1131 854 1208 melius
887 1150 962 1224 est,
997 1159 1111 1236 quem
1143 1133 1357 1237 praesentia

365 1262 523 1312 ruvenrs.

340 1363 453 1427 Verba
483 1361 567 1425 hace
600 1359 713 1424 Ahlius
744 1359 777 1421 in
809 1357 946 1441 quodam
979 1358 1062 1421 bello
1094 1356 1217 1422 dixisse
1243 1357 1357 1420 fertur.

259 1468 369 1555 Senis,
397 1470 450 1552 qui
470 1488 598 1552 pugnae
618 1467 737 1530 adesse
758 1486 821 1529 non
841 1473 962 1549 potest,
989 1466 1154 1529 consilinm
1174 1466 1302 1528 iuvenis
1323 1465 1357 1528 in

166 1563 171 1572 ’
259 1580 365 1644 bede
378 1579 559 1661 praesentis
594 1585 628 1639 et
655 1575 828 1659 pugnantis
861 1573 981 1644 auxilio
1015 1573 1259 1656 praeferendum
1294 1582 1357 1638 est.

260 1686 508 1754 Samocbschar

261 2038 322 2108 99.
371 2026 466 2124 Adig
446 2029 519 2100 nite
552 1947 600 2099 nd
633 2026 974 2100 vociferandum
943 2055 1021 2102 erus
1047 2024 1240 2128 (camelae)
1266 2023 1359 2130 pul-

372 2127 471 2217 lum,
498 2143 535 2200 et
560 2125 763 2228 tranquilla
789 2131 876 2205 crit!

345 2256 554 2320 Proverbium
576 2254 617 2319 ad
637 2264 772 2318 metrum
791 2255 887 2318 Sarih
907 2255 1017 2318 referri
1038 2265 1154 2340 potest.
1177 2273 1205 2318 c.
1225 2255 1307 2320 Lm.
1327 2275 1359 2337 p.

262 2365 336 2429 tto.
380 2365 524 2448 Camela,
546 2363 670 2446 quando
690 2365 764 2445 pulli
785 2366 837 2426 sui
856 2383 972 2428 vocem
992 2365 1091 2448 audit,
1114 2367 1279 2447 tranquilla
1300 2373 1361 2426 est.

263 2475 300 2536 In
326 2471 485 2535 hominem
518 2471 616 2554 igitur
645 2473 832 2534 translatum
866 2472 1070 2554 proverbium
1098 2472 1273 2554 significat:
1309 2473 1362 2538 Do

263 2580 381 2647 bomini
408 2579 526 2643 dolenti
553 2598 621 2641 rem
648 2579 710 2660 ipsi
737 2579 975 2665 necessariam,
1011 2589 1044 2642 et
1073 2581 1260 2663 tranquillus
1292 2579 1362 2641 erit.

263 2688 378 2754 Meid.
421 2685 729 2753 Scharaf-Aldinus
762 2688 858 2749 alium
891 2688 1050 2768 proverbii
1081 2687 1209 2770 legendi
1234 2684 1363 2749 modum

264 2797 448 2861 adnotavit:
470 2801 540 2896 03
566 2795 678 2894 impp
704 2795 745 2884 tp
773 2795 855 2893 td?
879 2797 1015 2882 „Move
1046 2795 1076 2858 ei
1103 2795 1224 2876 pullum
1249 2795 1362 2875 ipsius,

266 2919 424 2984 desiderio
445 2915 639 3002 afficietur‚“
661 2921 793 3001 eiusque
814 2917 1254 3000 auctoremMoabwijjehnm
1276 2936 1364 3000 esse,

267 3044 402 3090 oausam
422 3046 502 3089 vero
524 3027 620 3088 talem
648 3026 735 3088 dixit.
776 3025 1028 3108 Moahwijjnhus
1053 3047 1093 3089 ea
1114 3026 1305 3103 conditione,
1328 3035 1366 3090 ut

267 3134 330 3216 ipsi
342 3133 509 3198 0htomani
524 3134 686 3197 occisores
699 3133 909 3220 traderentur,
924 3135 1108 3217 obsequium
1121 3153 1160 3198 se
1171 3135 1268 3198 Ahlio
1279 3153 1366 3216 pree-

267 3242 413 3303 stiturum
441 3260 516 3303 esse
544 3243 728 3323 scripserat.
779 3242 885 3322 Quum
910 3243 1023 3306 Ahlius
1051 3243 1174 3306 litteras
1202 3242 1242 3305 ab
1271 3243 1367 3306 Abn-

268 3348 418 3410 Moslimo
441 3330 629 3412 Cbeulanita
650 3350 782 3412 traditan
803 3351 958 3434 legisset,
988 3359 1176 3434 praesentes
1204 3347 1367 3411 dixemmt:

266 3457 367 3544 „Nos
406 3475 516 3520 omnes
553 3457 720 3522 Ohtsmeni
758 3461 920 3522 occisores
955 3453 1106 3520 sumus.“
1152 3459 1214 3520 llis
1248 3457 1367 3520 auditis

269 3565 536 3630 Abu-Moslimus
556 3567 652 3629 Ahlio
674 3567 768 3632 dixit:
790 3567 946 3629 Homines
966 3565 1077 3650 vides7
1102 3567 1288 3650 quibuscum
1310 3565 1369 3628 tibi

269 3676 356 3738 nulla
376 3693 428 3736 res
451 3682 516 3756 est,
538 3692 611 3736 nam
633 3675 661 3736 si
682 3693 739 3736 eos
761 3674 852 3736 nobis
875 3671 1045 3735 traditurus
1060 3655 1178 3757 esses,
1208 3682 1260 3756 tc,
1283 3692 1369 3754 quo·

269 3785 372 3848 minus
389 3785 527 3869 faceres,
543 3782 739 3864 impedirent.
760 3781 816 3844 Ad·
827 3780 1094 3862 Moahwijjahum
1111 3781 1251 3865 rediens,
1275 3781 1369 3844 dixitr

271 3911 309 3955 se
333 3894 509 3976 patruelem
538 3900 627 3955 tuum
655 3891 814 3954 occidisse
847 3891 991 3953 confessi
1014 3900 1107 3973 sunt3
1138 3908 1251 3953 necem
1272 3891 1371 3974 igitur

270 4000 406 4063 vindica.
445 3999 696 4081 Moahtvip'jahns
716 4007 783 4061 tum
805 4009 997 4082 suggestum
1020 4001 1241 4064 conscendens
1265 3998 1370 4063 0bts-

272 4108 358 4169 mani
383 4117 509 4172 vestem
537 4109 734 4186 (cruentam)
754 4107 917 4191 expandit,
937 4116 972 4171 ut
991 4109 1022 4171 in
1042 4112 1204 4192 lacrymas
1225 4109 1371 4172 homines

202 4249 205 4256 ι
273 4214 515 4280 effimderentur.
540 4219 622 4282 'l'um
635 4217 717 4281 dixit·
725 4214 992 4299 Monbwifiahus:
1013 4223 1095 4320 σὲ
1110 4218 1220 4320 kapp
1241 4213 1371 4320 tulo?
