2996 4928
573 309 718 375 -613
759 345 801 358 -

225 492 369 556 Verbum
396 493 518 580 &La
544 491 670 576 proprie
700 491 732 554 in
760 510 804 553 eo·
828 490 1011 578 adhibetur,
1043 494 1126 577 quod
1151 515 1235 562 unus
1347 553 1350 562 .

141 639 215 683 cum
236 619 336 681 altero
359 619 485 680 situlam
505 638 548 680 ex
568 626 663 698 puteo
685 618 835 701 extrahit,
858 633 906 703 ut,
932 620 1081 701 quiante
1101 623 1235 692 alterum

140 727 250 788 facere
278 724 456 805 abstineat,
485 725 591 786 victus
619 726 670 789 sit.
720 725 789 788 Rea
817 725 849 786 in
877 733 1042 788 certamen
1069 725 1111 788 de
1137 729 1237 809 glcric

141 835 294 896 translata
315 839 376 897 est.
406 831 530 894 Cecinit
548 832 717 895 Alfadhlus
739 833 985 918 ben-Alahbbas
1007 833 1238 899 ben-Ahtabah

142 938 440 1023 ben·Abi-hchab,
464 940 515 1020 qui
535 946 678 1020 ternpore
698 940 880 1004 Ferasdaki
899 942 998 1006 vixit:
1031 969 1035 979 ·

142 1072 274 1197 aen
299 1072 370 1208 ,a
394 1058 648 1227 riserat.
724 1077 826 1208 ue
856 1073 999 1214 aaa
1022 1073 1239 1190 aab

143 1271 226 1351 „Qui
253 1291 306 1334 me
332 1273 526 1355 aemulatur,
555 1270 583 1334 is
611 1271 714 1357 gloria
739 1274 944 1354 conspicuum
965 1274 1158 1357 aemulatur,
1185 1273 1240 1357 qui

153 1369 156 1374 ’
184 1380 314 1443 situlam
336 1401 439 1463 usque
461 1381 502 1443 ad
523 1380 639 1443 nodum
661 1381 745 1443 funis
768 1382 905 1463 impletu

453 1517 492 1548 >a
503 1527 522 1544 a
580 1506 641 1550 »5
728 1527 747 1548 a
762 1525 780 1546 a
792 1527 812 1552 e

454 1550 548 1690 eb*
583 1576 672 1690 ³³20
707 1577 820 1698 lie*
890 1561 945 1649 'i‘

142 1751 203 1825 34.
228 1752 305 1823 Lae
331 1753 409 1824 eius
436 1748 631 1824 abundans
661 1748 719 1822 lac
746 1751 823 1822 eius
848 1776 1013 1852 paucum
1037 1750 1238 1852 praecessit.

225 1887 349 1949 Malum
377 1886 447 1952 eius
474 1895 549 1948 ante
578 1879 693 1947 bonum
722 1886 793 1950 eius
816 1885 889 1950 fuit.
926 1888 978 1949 De
1000 1905 1039 1948 ec
1061 1885 1238 1971 adhibetur,

143 1995 198 2075 qui
218 1994 390 2076 malefecit,
413 2002 582 2075 antequam
604 1992 817 2056 benefecerat.
841 1993 1090 2060 Semachschar.
1133 1989 1240 2073 Quum

142 2100 318 2163 secundum
353 2100 577 2181 grammatices
612 2098 760 2181 regulas,
803 2119 846 2160 ne
877 2099 1071 2182 ambiguitas
1108 2101 1238 2184 oriatur,

114 2187 117 2194 ’
139 2209 323 2272 subiectum
344 2209 436 2271 verbi
460 2207 584 2269 obiecto
606 2206 790 2290 praecedat,
816 2225 952 2270 necesse
973 2209 1029 2291 sit,
1050 2210 1109 2272 vix
1129 2208 1238 2294 video,

143 2313 300 2398 quomode
320 2333 458 2397 senene,
482 2314 535 2395 qui
556 2333 576 2375 a
599 2295 878 2394 Samaclrscharie'¹
892 2314 1061 2396 proverbio
1083 2315 1239 2398 tribuitur,

143 2422 252 2486 verbis
272 2424 381 2485 inesse
401 2424 521 2504 pessit3
550 2422 644 2484 lactis
674 2423 757 2484 enim
779 2423 872 2503 copia
896 2423 1101 2505 beneficium,
1129 2442 1239 2506 parum

143 2533 236 2594 lactis
257 2531 463 2594 malefactum
488 2530 673 2612 significare
697 2529 834 2592 videtur.
875 2528 1112 2598 Grammaticos
1132 2540 1240 2596 autem

143 2643 228 2705 nulla
249 2640 369 2702 ratione
388 2638 499 2700 habita
520 2638 548 2700 si
569 2638 722 2718 vertitur5
745 2638 835 2700 ”Lac
855 2657 995 2720 paucum
1016 2641 1086 2702 eius
1104 2641 1155 2703 lac
1170 2640 1241 2702 eius
1355 2633 1356 2636 '

143 2745 307 2812 abundans
332 2746 554 2830 praecessit,u
585 2753 619 2808 ut
646 2746 697 2808 lac
718 2762 853 2827 paucum
873 2746 965 2810 verbi
987 2746 1164 2812 subiectum
1184 2746 1239 2831 sit,

144 2876 198 2922 res
219 2857 327 2922 verbis
348 2863 426 2937 apta
447 2871 522 2917 esse
543 2853 680 2916 videtur.

145 3195 204 3271 35.
251 3189 458 3264 Praecessit
482 3186 611 3292 pluuia
637 3189 714 3260 eius
741 3201 949 3261 torrentem
975 3187 1064 3260 eius·

227 3326 265 3388 ln
286 3344 359 3390 eum
381 3323 513 3409 dieitur,
535 3322 627 3386 euius
647 3323 768 3386 factum
788 3321 892 3384 minae
913 3319 1115 3403 praecedunt.

147 3696 204 3768 36.
257 3691 435 3766 Celeriter
460 3689 574 3780 illud,
601 3688 693 3762 <lum
718 3705 774 3763 est
800 3686 925 3791 adeps.

228 3827 403 3890 proverbio
425 3833 560 3888 metrum
581 3822 704 3905 Redjes
726 3831 786 3886 est.
814 3823 909 3886 Conf.
938 3825 958 3884 l.
987 3837 1091 3883 meum
1117 3836 1147 3898 p.
1167 3811 1239 3877 232.

145 3935 207 3998 Vir
238 3935 367 4018 quidam
403 3951 498 3995 ouem
529 3934 735 4017 emaciatam,
772 3940 808 3994 ut
840 3948 950 3993 mucor
985 3927 1025 3989 eb
1059 3925 1194 3988 maciem
1222 3916 1241 3986 e

146 4043 275 4106 naribus
297 4041 463 4122 efflueret,
484 4039 631 4102 habebat.
673 4038 769 4124 Viro,
793 4035 866 4119 quid
888 4041 992 4122 esset,
1022 4031 1240 4116 interroganti,

146 4153 330 4235 respondit,
370 4149 442 4212 evis
477 4147 601 4229 adipem
637 4165 722 4210 esse.
772 4148 855 4208 'l'um
890 4144 1090 4224 interrogans
1127 4140 1240 4224 verba,

148 4277 232 4342 quae
252 4266 367 4341 postea
387 4257 419 4319 iu
439 4254 641 4340 proverbium
666 4261 842 4335 venerunt,
871 4247 1007 4331 protulit
1047 4248 1159 4315 Verba
1179 4265 1241 4310 au·

996 4382 1045 4457 lo
