2988 4952
582 353 790 414 415-

222 487 410 601 verisimilis
437 534 604 598 verborum
630 551 747 598 sensus
768 543 835 631 eet,
865 553 922 598 res
950 535 1057 598 mundi
1084 544 1232 640 tunquam

139 629 308 726 fugiendos
330 643 474 706 describi
518 643 556 705 si
576 642 711 704 erebus
733 625 840 705 mundi
869 644 998 708 liberum
1026 661 1101 706 esse
1131 647 1232 729 cupis,

138 751 276 831 relinque
297 768 365 812 ees
409 751 467 812 Sic
488 749 571 810 enim
592 749 707 811 cecinit
727 757 824 832 poete

139 879 566 1016 uetustiorem
586 896 947 1007 imisue,
911 869 1232 1000 ammi,

138 1084 292 1144 ”Animus
312 1083 406 1146 rebus
427 1083 518 1146 huius
539 1082 645 1146 mrurdi
667 1091 842 1166 occupatus
863 1092 929 1170 est,
959 1103 1148 1166 quamquam
1169 1106 1233 1149 non
1318 1099 1322 1106 ·

179 1194 299 1274 nescit,
329 1210 400 1252 eum
429 1208 504 1252 esse
532 1190 572 1252 ub
601 1191 670 1254 eius
705 1193 821 1267 (noxa)
851 1179 1056 1282 incolumem,
1100 1195 1152 1276 qui
1179 1211 1233 1256 reu

179 1301 248 1362 eius
269 1299 426 1380 reliquerit
449 1295 589 1378 (nonnisi
609 1298 704 1360 rebus
727 1297 845 1362 divinis
868 1299 1091 1382 occupatus).u

218 1429 424 1490 Proverbium
445 1427 676 1490 hemistichium
697 1429 856 1508 posterius
883 1447 1001 1490 versus
1027 1441 1078 1494 est
1099 1433 1140 1496 ed
1161 1454 1233 1497 me-

135 1548 218 1600 trum
233 1535 380 1598 Busith
400 1535 585 1616 pertinentis
609 1533 712 1596 conf.
734 1535 800 1597 libr.
829 1557 870 1598 m.
899 1557 974 1621 pag.
1003 1539 1073 1601 190.
1117 1541 1251 1608 Conf..

138 1625 258 1708 Schult.
279 1665 369 1726 prov.
392 1666 422 1726 p.
443 1644 515 1706 298.
566 1641 873 1706 Schoref-Aldinus
893 1646 980 1727 prius
1001 1646 1233 1710 hemistichium

135 1754 199 1816 hoc
227 1753 321 1820 modo
343 1752 520 1816 adnotavit.

438 1883 466 1909 ,2
500 1895 534 1911 .,
608 1883 660 1910 ,ω
761 1885 819 1912 ω.
854 1875 908 1912 eta·
952 1898 966 1910 .

405 1909 537 2022 ee»
562 1911 668 2013 se
691 1913 787 2022 otc
805 1911 969 2020 >erre

135 2088 234 2151 „Sine
263 2105 333 2171 res,
364 2105 495 2168 querum
517 2094 653 2148 eventus
675 2088 851 2150 timentur.o

175 2197 351 2259 mineum
373 2195 436 2258 dici
456 2197 658 2278 proverbium
676 2196 848 2286 contendit,
872 2197 923 2278 qui
944 2197 1116 2278 periculum
1137 2195 1232 2277 subit,

134 2314 167 2366 ut
195 2323 261 2366 rem
289 2310 490 2386 assequetur,
513 2321 644 2384 quorum
666 2314 802 2366 evemus
823 2304 957 2370 timetur.

372 2442 716 2658 urunt}
753 2476 891 2654 ost,
926 2453 979 2641 gr
1052 2515 1087 2593 u
1199 2529 1202 2560 =

135 2723 194 2794 29.
247 2717 468 2790 Clanculum
494 2745 581 2790 cum
607 2745 649 2790 ea
676 2720 825 2793 habitus
852 2744 974 2791 sermo
1000 2715 1079 2817 ejus
1094 2743 1234 2821 repug-

250 2847 415 2918 nantium
440 2842 671 2918 rectificavit.

215 3005 333 3066 Verbis
354 3023 470 3067 seusus
491 3015 542 3068 est
562 3005 628 3068 hic:
642 3003 826 3068 Clanculum
848 3021 920 3067 cum
942 3022 981 3065 ee
1000 3003 1150 3079 (femina)
1170 3004 1232 3066 hu-

132 3115 197 3177 bito
219 3133 368 3177 sermone
388 3114 628 3199 repugnantiam
648 3114 723 3174 uici.
765 3115 801 3174 Iu
829 3131 900 3175 eum
923 3111 1052 3197 dicitur,
1082 3113 1233 3194 quiere

133 3241 194 3283 non
220 3222 358 3305 recedit,
389 3221 491 3284 donec
521 3221 710 3285 desiderium
737 3239 828 3285 suum
854 3223 1041 3305 impleverit.
1072 3222 1231 3287 Scherof-

134 3328 236 3392 Aldin.
260 3327 354 3390 Conf.
377 3328 499 3390 Schult.
520 3347 610 3410 prov.
633 3349 663 3409 p
683 3330 754 3394 Q

118 3795 190 3870 ⁴30.
243 3787 462 3864 Contemtus
489 3789 564 3888 (us)
593 3787 654 3862 vili
682 3789 877 3865 elementia
903 3809 969 3866 cst.

213 3913 387 4012 Pnoverbio
408 3958 543 4012 metunn
565 3949 652 4012 Red
655 3949 724 4030 jes
751 3953 845 4014 inest
889 3951 984 4030 Quod
1004 3953 1032 4016 si
1048 3954 1148 4018 ¹vilem
1169 3957 1232 4020 ho-

133 4075 207 4120 noro
228 4055 345 4140 officis,
368 4065 401 4118 te
422 4059 513 4137 parvi
527 4056 666 4144 habebit,
689 4060 740 4122 sin
754 4078 834 4122 vero
849 4079 921 4122 cum
937 4062 1126 4146 contemnis,
1148 4062 1232 4126 idem
1333 4137 1336 4150 s

134 4169 206 4252 crit,
228 4185 269 4232 oc
289 4169 319 4232 si
339 4168 459 4234 honore
480 4189 553 4234 oum
574 4168 733 4234 effeceris.
778 4169 835 4234 Sic
857 4167 973 4232 cecinit
1002 4175 1099 4250 poete
1120 4169 1232 4232 Mote-

134 4274 262 4340 ncbbius
