2970 4946
561 347 785 411 mm..

214 531 275 593 Vir.
293 546 469 613 generosus
490 532 592 614 turpia
611 530 721 594 audire
741 550 803 593 non
826 532 914 615 vult,
943 539 979 593 ut
1003 534 1066 596 hae
1091 535 1214 596 ratione

121 636 249 702 ,surdus
269 639 319 711 sit,
360 641 564 704 Proverbium
593 639 633 703 ad
663 649 795 704 metrum
822 638 944 722 lledjes
971 637 1019 722 (p.
1042 639 1131 722 239.)
1161 651 1214 704 aut

132 745 226 810 Sarih
248 745 297 828 [p.
316 745 405 826 246.)
426 749 535 812 reterri
556 755 671 830 potest.
1042 767 1045 774 ⁴

386 935 392 1030 j
485 880 737 1078 ξξῷξῑιᾏ
809 899 974 1014 tt'

130 1112 189 1186 34.
237 1111 436 1186 Descendit
460 1117 499 1187 in
522 1117 712 1188 mansione
736 1113 853 1186 firma.
920 1132 924 1139 ·

212 1238 355 1302 Verbum
383 1242 461 1327 cabo
487 1241 549 1304 hoc
570 1242 600 1302 in
621 1240 788 1328 proverbio
811 1239 1033 1325 descendendi,
1053 1241 1212 1306 habitandi

128 1360 209 1467 (ὀξύ)
230 1365 491 1448 significationem
511 1333 636 1440 habet}
652 1376 683 1468 ,3
710 1375 817 1428 autem
842 1364 926 1427 idem
945 1345 1108 1447 estquod
1129 1370 1211 1470 ,iffi

128 1498 167 1550 ut
191 1493 349 1570 proverbii
377 1511 492 1555 sensus
519 1493 576 1556 sit:
604 1496 670 1594 ψ
694 1487 818 1590 afli
843 1493 893 1594 dja·
917 1489 1077 1572 „Habitat
1100 1510 1153 1554 roe
1181 1493 1212 1554 in

127 1616 292 1676 mansione
313 1635 373 1678 sua
393 1617 482 1679 firma
503 1617 523 1679 i.
544 1638 572 1679 e.
601 1617 713 1680 mutari
741 1614 857 1696 nequit.
899 1615 961 1676 Hic
986 1614 1112 1696 legendi
1139 1635 1212 1677 mo-

128 1721 210 1806 dus,
243 1742 336 1805 quem
367 1725 559 1806 Djouharius
591 1725 774 1807 adnotavit,
810 1740 881 1784 cum
912 1739 1009 1784 versu
1040 1722 1213 1785 Tharalahi

129 1832 302 1893 consentit:

171 1963 348 2099 aaa
459 1964 615 2077 ἑὲὲὲ
714 1969 805 2104 ’ἑὲ
830 1977 905 2102 ὲ
934 1955 1057 2082 ἑὲὲ
1073 1950 1164 2100 'aa

127 2165 228 2246 „Non
249 2179 363 2230 curans
382 2189 488 2232 meum
510 2189 648 2232 errorem
669 2177 791 2232 rectum
811 2185 887 2230 esse
906 2178 998 2250 puto,
1019 2177 1086 2230 tum
1109 2165 1212 2244 absti-

167 2276 234 2356 nui,
256 2283 291 2336 et
309 2276 370 2339 iam
392 2297 431 2340 ea
453 2275 653 2356 (calamitas)
673 2276 704 2337 in
726 2276 815 2338 firma
835 2276 997 2337 mansione
1015 2265 1212 2336 descendit.“

209 2383 335 2445 Versus
356 2394 489 2446 metrum
513 2384 606 2448 Raml
628 2391 686 2443 est.
717 2381 809 2446 Conf.
835 2381 854 2442 l.
880 2401 921 2444 m.
948 2401 977 2462 p.
1000 2380 1070 2444 237.
1104 2379 1212 2443 Alium

126 2489 254 2573 legendi
281 2490 407 2552 modum
436 2510 456 2552 a
483 2483 644 2552 Meida'nio
671 2487 852 2551 adnotatum
873 2487 1005 2549 Kamusi
1027 2495 1135 2547 auctor
1154 2504 1212 2546 se-

127 2606 222 2690 cutus
245 2605 312 2658 est:
329 2607 380 2692 ,53
406 2607 501 2685 ω’,
513 2639 524 2678 ,
546 2615 639 2679 quem
659 2605 755 2676 poeta
775 2591 902 2654 Ahdius
928 2591 1087 2654 ben-Said
1113 2609 1212 2653 versu

124 2721 227 2782 hoece
252 2723 426 2802 expressit:

200 2897 299 2968 ,m
325 2848 554 2992 ιιῖξιϋιῑρξὲ
580 2868 635 2954 t‘s'
721 2857 908 3005 ,abab
933 2857 995 2972 is,
1029 2853 1137 2992 ιξὲξέ

125 3055 245 3138 „Spem
273 3057 305 3120 in
333 3078 372 3121 ea
397 3060 560 3140 ponimus,
584 3058 785 3140 (calamitas)
807 3061 869 3122 iam
888 3058 1023 3141 accidit,
1054 3055 1209 3139 quemad*

166 3166 291 3229 modum
312 3185 394 3249 gens
414 3168 510 3230 Ahtib
533 3187 552 3229 a
572 3169 711 3249 parvulis
734 3170 802 3232 suis
828 3169 945 3230 bonum
966 3176 1074 3248 sperat
1082 3166 1141 3246 ¹).u
1199 3172 1203 3180 '

207 3273 415 3337 Proverbium
443 3274 610 3336 adhibetur
638 3275 678 3339 ad
706 3275 966 3360 significandum,
999 3276 1211 3338 calamitatem

125 3383 229 3446 averti
247 3403 309 3444 non
330 3402 438 3465 posse.

226 3815 409 3888 abierunt.

127 3997 379 4011 ——-——

145 4113 173 4172 i)
191 4114 250 4165 Viri
271 4115 341 4165 illius
365 4115 454 4192 gentis
477 4129 578 4182 aroge
595 4120 621 4170 in
639 4119 819 4184 captivitatem
841 4119 945 4170 abducti
965 4118 1118 4186 sperabant,
1139 4118 1209 4182 tore,

193 4211 222 4256 ut
245 4207 267 4256 sl
289 4209 393 4270 parvuli
414 4209 502 4260 relicti
518 4212 715 4276 adolevissent,
737 4211 786 4274 ipsi
803 4212 989 4264 liberarentur.
1028 4215 1096 4275 Spes
1121 4214 1209 4260 autem

193 4310 240 4348 eos
257 4299 360 4350 tetelllt
383 4301 498 4352 Periere.
522 4301 626 4354 Versus
643 4307 756 4358 metrum
772 4301 862 4355 Wallr
877 4305 927 4354 est.
947 4299 988 4354 ct
1013 4302 1030 4352 l.
1052 4312 1085 4354 ru.
1102 4316 1128 4363 p.
1145 4299 1209 4352 act.
