<?xml version="1.0" encoding="UTF-8"?>
<!DOCTYPE html PUBLIC "-//W3C//DTD XHTML 1.0 Transitional//EN"
    "http://www.w3.org/TR/xhtml1/DTD/xhtml1-transitional.dtd">
<html xmlns="http://www.w3.org/1999/xhtml" xml:lang="en" lang="en">
 <head>
  <title>
</title>
<meta http-equiv="Content-Type" content="text/html;charset=utf-8" />
  <meta name='ocr-system' content='tesseract 3.04.00' />
  <meta name='ocr-capabilities' content='ocr_page ocr_carea ocr_par ocr_line ocrx_word'/>
</head>
<body>
  <div class='ocr_page' id='page_1' title='image "./arabumproverbia04alfgoog_0037.png"; bbox 0 0 2988 4952; ppageno 0'>
   <div class='ocr_carea' id='block_1_1' title="bbox 716 347 924 410">
    <p class='ocr_par' dir='ltr' id='par_1_1' title="bbox 716 347 924 410">
     <span class='ocr_line' id='line_1_1' title="bbox 716 347 924 410; baseline -0.01 -15"><span class='ocrx_word' id='word_1_1' title='bbox 716 347 924 410; x_wconf 64' lang='lat'>...20-</span> 
     </span>
    </p>
   </div>
   <div class='ocr_carea' id='block_1_2' title="bbox 273 531 1424 1510">
    <p class='ocr_par' dir='ltr' id='par_1_2' title="bbox 274 531 1369 1164">
     <span class='ocr_line' id='line_1_2' title="bbox 358 531 1369 617; baseline -0.003 -19"><span class='ocrx_word' id='word_1_2' title='bbox 358 533 426 600; x_wconf 77' lang='lat' dir='ltr'><strong>nes</strong></span> <span class='ocrx_word' id='word_1_3' title='bbox 447 551 577 617; x_wconf 80' lang='lat' dir='ltr'><strong>gravas,</strong></span> <span class='ocrx_word' id='word_1_4' title='bbox 601 531 760 616; x_wconf 80' lang='lat' dir='ltr'><strong>difficiles,</strong></span> <span class='ocrx_word' id='word_1_5' title='bbox 784 533 926 593; x_wconf 83' lang='lat' dir='ltr'><strong>occrdtas</strong></span> <span class='ocrx_word' id='word_1_6' title='bbox 947 533 1061 614; x_wconf 80' lang='lat' dir='ltr'><strong>noscit,</strong></span> <span class='ocrx_word' id='word_1_7' title='bbox 1081 550 1230 613; x_wconf 75' lang='lat' dir='ltr'><strong>perquam</strong></span> <span class='ocrx_word' id='word_1_8' title='bbox 1248 551 1369 616; x_wconf 82' lang='lat' dir='ltr'><strong>gnarus</strong></span> 
     </span>
     <span class='ocr_line' id='line_1_3' title="bbox 278 637 1369 729; baseline -0.002 -25"><span class='ocrx_word' id='word_1_9' title='bbox 278 653 338 729; x_wconf 79' lang='lat' dir='ltr'><strong>est,</strong></span> <span class='ocrx_word' id='word_1_10' title='bbox 361 640 624 726; x_wconf 78' lang='lat' dir='ltr'><strong>quemadmodum</strong></span> <span class='ocrx_word' id='word_1_11' title='bbox 644 641 749 702; x_wconf 88' lang='lat' dir='ltr'><strong>velmn</strong></span> <span class='ocrx_word' id='word_1_12' title='bbox 771 641 909 700; x_wconf 85' lang='lat' dir='ltr'><strong>mulieris</strong></span> <span class='ocrx_word' id='word_1_13' title='bbox 937 640 1051 701; x_wconf 85' lang='lat' dir='ltr'><strong>faciem</strong></span> <span class='ocrx_word' id='word_1_14' title='bbox 1073 640 1143 702; x_wconf 83' lang='lat' dir='ltr'><strong>aliis</strong></span> <span class='ocrx_word' id='word_1_15' title='bbox 1165 648 1284 702; x_wconf 83' lang='lat' dir='ltr'><strong>tectam</strong></span> <span class='ocrx_word' id='word_1_16' title='bbox 1305 637 1369 702; x_wconf 87' lang='lat' dir='ltr'><strong>ad-</strong></span> 
     </span>
     <span class='ocr_line' id='line_1_4' title="bbox 274 747 1103 832; baseline -0.004 -20"><span class='ocrx_word' id='word_1_17' title='bbox 274 752 399 832; x_wconf 85' lang='lat' dir='ltr'><strong>spicere</strong></span> <span class='ocrx_word' id='word_1_18' title='bbox 421 749 556 812; x_wconf 89' lang='lat' dir='ltr'><strong>videtur.</strong></span> <span class='ocrx_word' id='word_1_19' title='bbox 579 747 724 826; x_wconf 77' lang='lat' dir='ltr'><strong>¹cecinit</strong></span> <span class='ocrx_word' id='word_1_20' title='bbox 746 749 856 810; x_wconf 83' lang='lat' dir='ltr'>Ausus</span> <span class='ocrx_word' id='word_1_21' title='bbox 877 749 959 810; x_wconf 89' lang='lat' dir='ltr'><strong>ben·</strong></span> <span class='ocrx_word' id='word_1_22' title='bbox 980 747 1103 829; x_wconf 89' lang='lat' dir='ltr'><strong>Hadjar</strong></span> 
     </span>
     <span class='ocr_line' id='line_1_5' title="bbox 349 867 1293 1020; baseline -0.001 -4"><span class='ocrx_word' id='word_1_23' title='bbox 349 881 492 1020; x_wconf 43' lang='lat' dir='ltr'><strong>seit</strong></span> <span class='ocrx_word' id='word_1_24' title='bbox 511 920 649 984; x_wconf 54' lang='lat' dir='ltr'><em>w</em></span> <span class='ocrx_word' id='word_1_25' title='bbox 673 868 770 1014; x_wconf 65' lang='lat' dir='ltr'><strong>em</strong></span> <span class='ocrx_word' id='word_1_26' title='bbox 872 874 1054 1024; x_wconf 52' lang='lat' dir='ltr'><strong>maai</strong></span> <span class='ocrx_word' id='word_1_27' title='bbox 1080 867 1183 1015; x_wconf 52' lang='grc' dir='ltr'><strong>ἑὲ</strong></span> <span class='ocrx_word' id='word_1_28' title='bbox 1208 869 1293 998; x_wconf 44' lang='lat' dir='ltr'><strong>a}</strong></span> 
     </span>
     <span class='ocr_line' id='line_1_6' title="bbox 275 1079 1369 1164; baseline -0.007 -20"><span class='ocrx_word' id='word_1_29' title='bbox 275 1079 493 1163; x_wconf 66' lang='lat' dir='ltr'><strong>oderemus,</strong></span> <span class='ocrx_word' id='word_1_30' title='bbox 508 1081 629 1164; x_wconf 81' lang='lat' dir='ltr'><strong>nobilis,</strong></span> <span class='ocrx_word' id='word_1_31' title='bbox 645 1081 741 1143; x_wconf 86' lang='lat' dir='ltr'><strong>frater</strong></span> <span class='ocrx_word' id='word_1_32' title='bbox 752 1080 855 1164; x_wconf 81' lang='lat' dir='ltr'><strong>fortis,</strong></span> <span class='ocrx_word' id='word_1_33' title='bbox 869 1083 985 1163; x_wconf 82' lang='lat' dir='ltr'><strong>volum,</strong></span> <span class='ocrx_word' id='word_1_34' title='bbox 1001 1080 1087 1160; x_wconf 86' lang='lat' dir='ltr'><strong>quod</strong></span> <span class='ocrx_word' id='word_1_35' title='bbox 1098 1083 1222 1143; x_wconf 78' lang='lat' dir='ltr'><strong>occidta</strong></span> <span class='ocrx_word' id='word_1_36' title='bbox 1232 1090 1369 1142; x_wconf 73' lang='lat' dir='ltr'><strong>narratu</strong></span> 
     </span>
    </p>

    <p class='ocr_par' dir='ltr' id='par_1_3' title="bbox 273 1187 1424 1510">
     <span class='ocr_line' id='line_1_7' title="bbox 355 1187 1368 1268; baseline 0 -20"><span class='ocrx_word' id='word_1_37' title='bbox 355 1187 493 1248; x_wconf 78' lang='lat' dir='ltr'><strong>Mettum</strong></span> <span class='ocrx_word' id='word_1_38' title='bbox 513 1205 629 1249; x_wconf 87' lang='lat' dir='ltr'><strong>versus</strong></span> <span class='ocrx_word' id='word_1_39' title='bbox 649 1188 886 1250; x_wconf 79' lang='lat' dir='ltr'><strong>Motakarib</strong></span> <span class='ocrx_word' id='word_1_40' title='bbox 901 1189 1091 1268; x_wconf 86' lang='lat' dir='ltr'><strong>appellatum</strong></span> <span class='ocrx_word' id='word_1_41' title='bbox 1113 1196 1172 1249; x_wconf 90' lang='lat' dir='ltr'><strong>est.</strong></span> <span class='ocrx_word' id='word_1_42' title='bbox 1195 1189 1277 1251; x_wconf 90' lang='lat' dir='ltr'><strong>conf.</strong></span> <span class='ocrx_word' id='word_1_43' title='bbox 1299 1189 1368 1250; x_wconf 87' lang='lat' dir='ltr'><strong>libr.</strong></span> 
     </span>
     <span class='ocr_line' id='line_1_8' title="bbox 273 1294 1424 1378; baseline 0.005 -23"><span class='ocrx_word' id='word_1_44' title='bbox 273 1313 377 1356; x_wconf 90' lang='lat' dir='ltr'><strong>meum</strong></span> <span class='ocrx_word' id='word_1_45' title='bbox 398 1294 439 1356; x_wconf 87' lang='lat' dir='ltr'><strong>de</strong></span> <span class='ocrx_word' id='word_1_46' title='bbox 456 1297 568 1357; x_wconf 89' lang='lat' dir='ltr'><strong>metris</strong></span> <span class='ocrx_word' id='word_1_47' title='bbox 589 1312 618 1375; x_wconf 86' lang='lat' dir='ltr'><strong>p.</strong></span> <span class='ocrx_word' id='word_1_48' title='bbox 639 1295 710 1357; x_wconf 74' lang='lat'>281.</span> <span class='ocrx_word' id='word_1_49' title='bbox 741 1294 836 1375; x_wconf 88' lang='lat' dir='ltr'>Apud</span> <span class='ocrx_word' id='word_1_50' title='bbox 858 1294 1162 1358; x_wconf 78' lang='lat' dir='ltr'><strong>Scharaf-Aldinum</strong></span> <span class='ocrx_word' id='word_1_51' title='bbox 1185 1295 1246 1358; x_wconf 93' lang='lat' dir='ltr'><strong>duo</strong></span> <span class='ocrx_word' id='word_1_52' title='bbox 1268 1298 1371 1378; x_wconf 88' lang='lat' dir='ltr'><strong>prima</strong></span> <span class='ocrx_word' id='word_1_53' title='bbox 1415 1303 1424 1317; x_wconf 88' lang='lat'><em>&#39;</em></span> 
     </span>
     <span class='ocr_line' id='line_1_9' title="bbox 273 1400 1242 1510; baseline 0 -47"><span class='ocrx_word' id='word_1_54' title='bbox 273 1418 387 1464; x_wconf 86' lang='lat' dir='ltr'><strong>versus</strong></span> <span class='ocrx_word' id='word_1_55' title='bbox 408 1401 508 1462; x_wconf 87' lang='lat' dir='ltr'><strong>verba</strong></span> <span class='ocrx_word' id='word_1_56' title='bbox 528 1408 601 1461; x_wconf 87' lang='lat' dir='ltr'><strong>sunt</strong></span> <span class='ocrx_word' id='word_1_57' title='bbox 622 1400 692 1509; x_wconf 52' lang='lat' dir='ltr'><strong>Ch</strong></span> <span class='ocrx_word' id='word_1_58' title='bbox 717 1408 810 1510; x_wconf 49' lang='lat'><strong>&amp;⁵¹³</strong></span> <span class='ocrx_word' id='word_1_59' title='bbox 831 1400 1031 1483; x_wconf 77' lang='lat' dir='ltr'>Prosper,</span> <span class='ocrx_word' id='word_1_60' title='bbox 1060 1403 1242 1483; x_wconf 74' lang='lat' dir='ltr'><strong>pulcher.</strong></span> 
     </span>
    </p>
   </div>
   <div class='ocr_carea' id='block_1_3' title="bbox 687 1554 768 1599">
    <p class='ocr_par' dir='ltr' id='par_1_4' title="bbox 687 1554 768 1599">
     <span class='ocr_line' id='line_1_10' title="bbox 687 1554 768 1599; baseline -0.012 0"><span class='ocrx_word' id='word_1_61' title='bbox 687 1554 768 1599; x_wconf 48' lang='grc' dir='ltr'><strong>ἐκ</strong></span> 
     </span>
    </p>
   </div>
   <div class='ocr_carea' id='block_1_4' title="bbox 273 1568 986 1927">
    <p class='ocr_par' dir='ltr' id='par_1_5' title="bbox 273 1568 986 1927">
     <span class='ocr_line' id='line_1_11' title="bbox 662 1568 986 1708; baseline -0.031 -13"><span class='ocrx_word' id='word_1_62' title='bbox 662 1597 763 1708; x_wconf 60' lang='lat' dir='ltr'><strong>vind</strong></span> <span class='ocrx_word' id='word_1_63' title='bbox 805 1568 862 1695; x_wconf 50' lang='grc' dir='ltr'><strong>ἒὶἷ</strong></span> <span class='ocrx_word' id='word_1_64' title='bbox 935 1622 986 1698; x_wconf 64' lang='grc' dir='ltr'><strong>ΓΛ</strong></span> 
     </span>
     <span class='ocr_line' id='line_1_12' title="bbox 273 1824 811 1927; baseline -0.002 -30"><span class='ocrx_word' id='word_1_65' title='bbox 273 1837 332 1906; x_wconf 86' lang='grc'><strong>38.</strong></span> <span class='ocrx_word' id='word_1_66' title='bbox 383 1829 419 1900; x_wconf 84' lang='lat' dir='ltr'><strong>Is</strong></span> <span class='ocrx_word' id='word_1_67' title='bbox 447 1827 620 1927; x_wconf 85' lang='lat' dir='ltr'><strong>profecto</strong></span> <span class='ocrx_word' id='word_1_68' title='bbox 648 1842 702 1898; x_wconf 89' lang='lat' dir='ltr'><strong>est</strong></span> <span class='ocrx_word' id='word_1_69' title='bbox 732 1824 811 1900; x_wconf 84' lang='lat' dir='ltr'><strong>thd.</strong></span> 
     </span>
    </p>
   </div>
   <div class='ocr_carea' id='block_1_5' title="bbox 271 1965 1371 2504">
    <p class='ocr_par' dir='ltr' id='par_1_6' title="bbox 271 1965 1371 2504">
     <span class='ocr_line' id='line_1_13' title="bbox 353 1965 1371 2044; baseline 0.004 -4"><span class='ocrx_word' id='word_1_70' title='bbox 353 1979 425 2040; x_wconf 88' lang='lat' dir='ltr'><strong>Dno</strong></span> <span class='ocrx_word' id='word_1_71' title='bbox 454 1986 545 2039; x_wconf 90' lang='lat' dir='ltr'><strong>erant</strong></span> <span class='ocrx_word' id='word_1_72' title='bbox 571 1975 794 2039; x_wconf 76' lang='lat' dir='ltr'><strong>adolescentes</strong></span> <span class='ocrx_word' id='word_1_73' title='bbox 823 1979 902 2042; x_wconf 84' lang='lat' dir='ltr'><strong>Soid</strong></span> <span class='ocrx_word' id='word_1_74' title='bbox 923 1981 1005 2042; x_wconf 88' lang='lat' dir='ltr'><strong>filius</strong></span> <span class='ocrx_word' id='word_1_75' title='bbox 1035 1980 1122 2043; x_wconf 86' lang='lat' dir='ltr'><strong>Caisi</strong></span> <span class='ocrx_word' id='word_1_76' title='bbox 1151 1965 1306 2044; x_wconf 68' lang='lat' dir='ltr'><strong>Namirita</strong></span> <span class='ocrx_word' id='word_1_77' title='bbox 1334 1993 1371 2044; x_wconf 85' lang='lat' dir='ltr'><strong>et</strong></span> 
     </span>
     <span class='ocr_line' id='line_1_14' title="bbox 271 2084 1368 2179; baseline 0.001 -29"><span class='ocrx_word' id='word_1_78' title='bbox 271 2085 412 2169; x_wconf 83' lang='lat' dir='ltr'><strong>Dhagfal</strong></span> <span class='ocrx_word' id='word_1_79' title='bbox 432 2087 578 2148; x_wconf 89' lang='lat' dir='ltr'><strong>Dsohlita</strong></span> <span class='ocrx_word' id='word_1_80' title='bbox 600 2084 724 2166; x_wconf 84' lang='lat' dir='ltr'><strong>(conf.</strong></span> <span class='ocrx_word' id='word_1_81' title='bbox 745 2107 835 2167; x_wconf 86' lang='lat' dir='ltr'><strong>prov.</strong></span> <span class='ocrx_word' id='word_1_82' title='bbox 848 2087 920 2179; x_wconf 69' lang='lat'><strong>35),</strong></span> <span class='ocrx_word' id='word_1_83' title='bbox 949 2091 1001 2169; x_wconf 90' lang='lat' dir='ltr'><strong>qui</strong></span> <span class='ocrx_word' id='word_1_84' title='bbox 1020 2090 1230 2172; x_wconf 78' lang='lat' dir='ltr'><strong>genealogiae</strong></span> <span class='ocrx_word' id='word_1_85' title='bbox 1252 2088 1368 2151; x_wconf 83' lang='lat' dir='ltr'><strong>admo-</strong></span> 
     </span>
     <span class='ocr_line' id='line_1_15' title="bbox 273 2183 1369 2286; baseline 0.001 -30"><span class='ocrx_word' id='word_1_86' title='bbox 273 2194 346 2256; x_wconf 91' lang='lat' dir='ltr'><strong>dum</strong></span> <span class='ocrx_word' id='word_1_87' title='bbox 367 2195 458 2278; x_wconf 82' lang='lat' dir='ltr'><strong>gnari</strong></span> <span class='ocrx_word' id='word_1_88' title='bbox 478 2203 511 2256; x_wconf 87' lang='lat' dir='ltr'><strong>et</strong></span> <span class='ocrx_word' id='word_1_89' title='bbox 531 2196 652 2257; x_wconf 90' lang='lat' dir='ltr'><strong>versati</strong></span> <span class='ocrx_word' id='word_1_90' title='bbox 673 2197 703 2255; x_wconf 93' lang='lat' dir='ltr'><strong>in</strong></span> <span class='ocrx_word' id='word_1_91' title='bbox 724 2194 862 2256; x_wconf 90' lang='lat' dir='ltr'><strong>historiis</strong></span> <span class='ocrx_word' id='word_1_92' title='bbox 882 2215 992 2278; x_wconf 84' lang='lat' dir='ltr'><strong>pamm</strong></span> <span class='ocrx_word' id='word_1_93' title='bbox 1018 2197 1120 2279; x_wconf 73' lang='lat' dir='ltr'><strong>notis,</strong></span> <span class='ocrx_word' id='word_1_94' title='bbox 1142 2183 1233 2286; x_wconf 51' lang='lat' dir='ltr'><strong>„aar</strong></span> <span class='ocrx_word' id='word_1_95' title='bbox 1260 2195 1369 2276; x_wconf 81' lang='lat' dir='ltr'><strong>(Ihd)</strong></span> 
     </span>
     <span class='ocr_line' id='line_1_16' title="bbox 273 2314 1368 2400; baseline 0.001 -27"><span class='ocrx_word' id='word_1_96' title='bbox 273 2330 452 2394; x_wconf 78' lang='lat' dir='ltr'><strong>cognomen</strong></span> <span class='ocrx_word' id='word_1_97' title='bbox 487 2315 660 2400; x_wconf 67' lang='lat' dir='ltr'><strong>gerebant,</strong></span> <span class='ocrx_word' id='word_1_98' title='bbox 692 2323 882 2396; x_wconf 86' lang='lat' dir='ltr'><strong>quapropter</strong></span> <span class='ocrx_word' id='word_1_99' title='bbox 910 2316 959 2375; x_wconf 89' lang='lat' dir='ltr'><strong>vir</strong></span> <span class='ocrx_word' id='word_1_100' title='bbox 1000 2315 1166 2396; x_wconf 86' lang='lat' dir='ltr'><strong>prudentia</strong></span> <span class='ocrx_word' id='word_1_101' title='bbox 1196 2324 1230 2376; x_wconf 89' lang='lat' dir='ltr'><strong>et</strong></span> <span class='ocrx_word' id='word_1_102' title='bbox 1248 2314 1368 2398; x_wconf 88' lang='lat' dir='ltr'><strong>ingenii</strong></span> 
     </span>
     <span class='ocr_line' id='line_1_17' title="bbox 272 2420 1194 2504; baseline 0.007 -23"><span class='ocrx_word' id='word_1_103' title='bbox 272 2420 416 2482; x_wconf 87' lang='lat' dir='ltr'><strong>acumine</strong></span> <span class='ocrx_word' id='word_1_104' title='bbox 435 2420 596 2503; x_wconf 88' lang='lat' dir='ltr'><strong>praeditus</strong></span> <span class='ocrx_word' id='word_1_105' title='bbox 615 2421 678 2484; x_wconf 91' lang='lat' dir='ltr'><strong>hoc</strong></span> <span class='ocrx_word' id='word_1_106' title='bbox 699 2422 889 2504; x_wconf 87' lang='lat' dir='ltr'><strong>cognomine</strong></span> <span class='ocrx_word' id='word_1_107' title='bbox 909 2423 1059 2504; x_wconf 86' lang='lat' dir='ltr'><strong>appellari</strong></span> <span class='ocrx_word' id='word_1_108' title='bbox 1079 2431 1194 2502; x_wconf 88' lang='lat' dir='ltr'><strong>potest.</strong></span> 
     </span>
    </p>
   </div>
   <div class='ocr_carea' id='block_1_6' title="bbox 256 2557 1125 2914">
    <p class='ocr_par' dir='ltr' id='par_1_7' title="bbox 256 2557 1125 2914">
     <span class='ocr_line' id='line_1_18' title="bbox 547 2557 1121 2749; baseline 0.005 -63"><span class='ocrx_word' id='word_1_109' title='bbox 547 2568 673 2748; x_wconf 51' lang='lat' dir='ltr'><strong>odit</strong></span> <span class='ocrx_word' id='word_1_110' title='bbox 709 2569 764 2749; x_wconf 39' lang='grc' dir='ltr'><strong>(ᾗ</strong></span> <span class='ocrx_word' id='word_1_111' title='bbox 801 2563 898 2712; x_wconf 61' lang='lat' dir='ltr'><strong>oi]</strong></span> <span class='ocrx_word' id='word_1_112' title='bbox 933 2557 1002 2686; x_wconf 62' lang='lat' dir='ltr'><strong>{it</strong></span> <span class='ocrx_word' id='word_1_113' title='bbox 1076 2609 1121 2688; x_wconf 73' lang='lat' dir='ltr'><strong>rr</strong></span> 
     </span>
     <span class='ocr_line' id='line_1_19' title="bbox 256 2769 1125 2914; baseline -0.008 -23"><span class='ocrx_word' id='word_1_114' title='bbox 256 2769 331 2891; x_wconf 42' lang='grc'><strong>.39.</strong></span> <span class='ocrx_word' id='word_1_115' title='bbox 383 2811 445 2885; x_wconf 82' lang='lat' dir='ltr'><strong>lite</strong></span> <span class='ocrx_word' id='word_1_116' title='bbox 471 2831 526 2887; x_wconf 79' lang='lat' dir='ltr'><strong>est</strong></span> <span class='ocrx_word' id='word_1_117' title='bbox 552 2813 678 2886; x_wconf 84' lang='lat' dir='ltr'><strong>Waha</strong></span> <span class='ocrx_word' id='word_1_118' title='bbox 704 2815 864 2914; x_wconf 77' lang='lat' dir='ltr'><strong>(Eugei)</strong></span> <span class='ocrx_word' id='word_1_119' title='bbox 890 2818 987 2887; x_wconf 82' lang='lat' dir='ltr'><strong>inter·</strong></span> <span class='ocrx_word' id='word_1_120' title='bbox 1016 2816 1125 2887; x_wconf 84' lang='lat' dir='ltr'><strong>viros.</strong></span> 
     </span>
    </p>
   </div>
   <div class='ocr_carea' id='block_1_7' title="bbox 274 2965 1369 3162">
    <p class='ocr_par' dir='ltr' id='par_1_8' title="bbox 274 2965 1369 3162">
     <span class='ocr_line' id='line_1_20' title="bbox 357 2965 1369 3050; baseline 0.005 -26"><span class='ocrx_word' id='word_1_121' title='bbox 357 2965 461 3026; x_wconf 82' lang='lat' dir='ltr'><strong>Tanta</strong></span> <span class='ocrx_word' id='word_1_122' title='bbox 482 2965 550 3023; x_wconf 89' lang='lat' dir='ltr'><strong>eius</strong></span> <span class='ocrx_word' id='word_1_123' title='bbox 571 2971 622 3024; x_wconf 91' lang='lat' dir='ltr'><strong>est</strong></span> <span class='ocrx_word' id='word_1_124' title='bbox 642 2965 761 3050; x_wconf 75' lang='lat' dir='ltr'><strong>virtus,</strong></span> <span class='ocrx_word' id='word_1_125' title='bbox 783 2973 818 3025; x_wconf 92' lang='lat' dir='ltr'><strong>nt</strong></span> <span class='ocrx_word' id='word_1_126' title='bbox 837 2965 897 3024; x_wconf 89' lang='lat' dir='ltr'><strong>viri</strong></span> <span class='ocrx_word' id='word_1_127' title='bbox 918 2965 1122 3027; x_wconf 84' lang='lat' dir='ltr'><strong>admiratione</strong></span> <span class='ocrx_word' id='word_1_128' title='bbox 1143 2982 1260 3046; x_wconf 84' lang='lat' dir='ltr'><strong>magna</strong></span> <span class='ocrx_word' id='word_1_129' title='bbox 1282 2965 1369 3029; x_wconf 92' lang='lat' dir='ltr'><strong>ducti</strong></span> 
     </span>
     <span class='ocr_line' id='line_1_21' title="bbox 274 3063 1368 3162; baseline 0.005 -31"><span class='ocrx_word' id='word_1_130' title='bbox 274 3089 358 3133; x_wconf 85' lang='lat' dir='ltr'><strong>voce</strong></span> <span class='ocrx_word' id='word_1_131' title='bbox 380 3074 440 3162; x_wconf 69' lang='lat' dir='ltr'><strong>tot,</strong></span> <span class='ocrx_word' id='word_1_132' title='bbox 462 3063 594 3151; x_wconf 76' lang='lat' dir='ltr'><strong>Euge!</strong></span> <span class='ocrx_word' id='word_1_133' title='bbox 616 3071 647 3129; x_wconf 92' lang='lat' dir='ltr'><strong>in</strong></span> <span class='ocrx_word' id='word_1_134' title='bbox 669 3091 707 3132; x_wconf 90' lang='lat' dir='ltr'><strong>eo</strong></span> <span class='ocrx_word' id='word_1_135' title='bbox 729 3079 862 3138; x_wconf 86' lang='lat' dir='ltr'><strong>utantur.</strong></span> <span class='ocrx_word' id='word_1_136' title='bbox 904 3072 972 3132; x_wconf 88' lang='lat' dir='ltr'><strong>Ista</strong></span> <span class='ocrx_word' id='word_1_137' title='bbox 994 3091 1061 3133; x_wconf 86' lang='lat' dir='ltr'><strong>vox</strong></span> <span class='ocrx_word' id='word_1_138' title='bbox 1082 3087 1153 3132; x_wconf 91' lang='lat' dir='ltr'><strong>cum</strong></span> <span class='ocrx_word' id='word_1_139' title='bbox 1174 3075 1368 3136; x_wconf 84' lang='lat' dir='ltr'><strong>nunnatione</strong></span> 
     </span>
    </p>
   </div>
   <div class='ocr_carea' id='block_1_8' title="bbox 275 3169 1369 3402">
    <p class='ocr_par' dir='ltr' id='par_1_9' title="bbox 275 3169 1369 3402">
     <span class='ocr_line' id='line_1_22' title="bbox 275 3169 1369 3273; baseline 0.001 -22"><span class='ocrx_word' id='word_1_140' title='bbox 275 3198 308 3251; x_wconf 88' lang='lat' dir='ltr'><strong>et</strong></span> <span class='ocrx_word' id='word_1_141' title='bbox 329 3190 397 3252; x_wconf 87' lang='lat' dir='ltr'><strong>sine</strong></span> <span class='ocrx_word' id='word_1_142' title='bbox 418 3209 458 3252; x_wconf 86' lang='lat' dir='ltr'><strong>oa</strong></span> <span class='ocrx_word' id='word_1_143' title='bbox 484 3190 616 3267; x_wconf 83' lang='lat' dir='ltr'><strong>(wahan</strong></span> <span class='ocrx_word' id='word_1_144' title='bbox 639 3200 673 3252; x_wconf 86' lang='lat' dir='ltr'><strong>ot</strong></span> <span class='ocrx_word' id='word_1_145' title='bbox 694 3191 805 3265; x_wconf 79' lang='lat' dir='ltr'><strong>wahe)</strong></span> <span class='ocrx_word' id='word_1_146' title='bbox 833 3192 864 3251; x_wconf 94' lang='lat' dir='ltr'><strong>in</strong></span> <span class='ocrx_word' id='word_1_147' title='bbox 886 3169 1053 3270; x_wconf 81' lang='lat' dir='ltr'><strong>proverbio</strong></span> <span class='ocrx_word' id='word_1_148' title='bbox 1074 3189 1198 3273; x_wconf 82' lang='lat' dir='ltr'><strong>legitur.</strong></span> <span class='ocrx_word' id='word_1_149' title='bbox 1240 3192 1369 3254; x_wconf 90' lang='lat' dir='ltr'><strong>Homini</strong></span> 
     </span>
     <span class='ocr_line' id='line_1_23' title="bbox 275 3293 1368 3402; baseline 0.009 -44"><span class='ocrx_word' id='word_1_150' title='bbox 275 3299 330 3359; x_wconf 89' lang='lat' dir='ltr'><strong>vili</strong></span> <span class='ocrx_word' id='word_1_151' title='bbox 351 3296 456 3359; x_wconf 87' lang='lat' dir='ltr'><strong>dicere</strong></span> <span class='ocrx_word' id='word_1_152' title='bbox 477 3301 582 3361; x_wconf 89' lang='lat' dir='ltr'><strong>solent</strong></span> <span class='ocrx_word' id='word_1_153' title='bbox 606 3304 666 3389; x_wconf 66' lang='lat' dir='ltr'><strong>tot,</strong></span> <span class='ocrx_word' id='word_1_154' title='bbox 684 3301 752 3402; x_wconf 61' lang='lat' dir='ltr'><strong>,su</strong></span> <span class='ocrx_word' id='word_1_155' title='bbox 779 3300 820 3366; x_wconf 78' lang='lat' dir='ltr'><strong>aii</strong></span> <span class='ocrx_word' id='word_1_156' title='bbox 844 3299 919 3359; x_wconf 79' lang='lat' dir='ltr'><strong>ollle</strong></span> <span class='ocrx_word' id='word_1_157' title='bbox 933 3315 996 3358; x_wconf 91' lang='lat' dir='ltr'><strong>non</strong></span> <span class='ocrx_word' id='word_1_158' title='bbox 1011 3304 1061 3357; x_wconf 89' lang='lat' dir='ltr'><strong>est</strong></span> <span class='ocrx_word' id='word_1_159' title='bbox 1080 3297 1211 3360; x_wconf 79' lang='lat' dir='ltr'><strong>Wahac</strong></span> <span class='ocrx_word' id='word_1_160' title='bbox 1227 3293 1368 3382; x_wconf 66' lang='lat' dir='ltr'><strong>(Eugel)</strong></span> 
     </span>
    </p>
   </div>
   <div class='ocr_carea' id='block_1_9' title="bbox 276 3699 1366 3802">
    <p class='ocr_par' dir='ltr' id='par_1_10' title="bbox 276 3699 1366 3802">
     <span class='ocr_line' id='line_1_24' title="bbox 276 3699 1366 3802; baseline 0.003 -30"><span class='ocrx_word' id='word_1_161' title='bbox 276 3710 335 3781; x_wconf 82' lang='lat'><strong>40.</strong></span> <span class='ocrx_word' id='word_1_162' title='bbox 385 3699 582 3776; x_wconf 86' lang='lat' dir='ltr'><strong>Enoschus</strong></span> <span class='ocrx_word' id='word_1_163' title='bbox 604 3699 814 3801; x_wconf 90' lang='lat' dir='ltr'><strong>(Enochus)</strong></span> <span class='ocrx_word' id='word_1_164' title='bbox 841 3706 870 3776; x_wconf 89' lang='lat' dir='ltr'><strong>is</strong></span> <span class='ocrx_word' id='word_1_165' title='bbox 896 3715 968 3789; x_wconf 85' lang='lat' dir='ltr'><strong>est,</strong></span> <span class='ocrx_word' id='word_1_166' title='bbox 996 3702 1063 3802; x_wconf 89' lang='lat' dir='ltr'><strong>qui</strong></span> <span class='ocrx_word' id='word_1_167' title='bbox 1088 3703 1241 3800; x_wconf 84' lang='lat' dir='ltr'><strong>vestigia</strong></span> <span class='ocrx_word' id='word_1_168' title='bbox 1266 3699 1366 3775; x_wconf 87' lang='lat' dir='ltr'><strong>fecit.</strong></span> 
     </span>
    </p>
   </div>
   <div class='ocr_carea' id='block_1_10' title="bbox 276 3833 1366 4364">
    <p class='ocr_par' dir='ltr' id='par_1_11' title="bbox 276 3833 1366 4364">
     <span class='ocr_line' id='line_1_25' title="bbox 359 3833 1365 3900; baseline -0.002 -1"><span class='ocrx_word' id='word_1_169' title='bbox 359 3838 493 3899; x_wconf 79' lang='lat' dir='ltr'><strong>Enocho</strong></span> <span class='ocrx_word' id='word_1_170' title='bbox 521 3839 612 3900; x_wconf 90' lang='lat' dir='ltr'><strong>Sethi</strong></span> <span class='ocrx_word' id='word_1_171' title='bbox 642 3837 705 3900; x_wconf 88' lang='lat' dir='ltr'><strong>filio</strong></span> <span class='ocrx_word' id='word_1_172' title='bbox 738 3838 895 3900; x_wconf 86' lang='lat' dir='ltr'><strong>scribendi</strong></span> <span class='ocrx_word' id='word_1_173' title='bbox 930 3844 1030 3898; x_wconf 87' lang='lat' dir='ltr'><strong>artem</strong></span> <span class='ocrx_word' id='word_1_174' title='bbox 1067 3833 1192 3896; x_wconf 76' lang='lat' dir='ltr'><strong>Arabes</strong></span> <span class='ocrx_word' id='word_1_175' title='bbox 1220 3834 1365 3897; x_wconf 90' lang='lat' dir='ltr'><strong>tribuunt.</strong></span> 
     </span>
     <span class='ocr_line' id='line_1_26' title="bbox 276 3941 1365 4026; baseline -0.003 -19"><span class='ocrx_word' id='word_1_176' title='bbox 276 3946 328 4007; x_wconf 88' lang='lat' dir='ltr'><strong>De</strong></span> <span class='ocrx_word' id='word_1_177' title='bbox 362 3945 458 4008; x_wconf 89' lang='lat' dir='ltr'><strong>rebus</strong></span> <span class='ocrx_word' id='word_1_178' title='bbox 493 3945 620 4026; x_wconf 88' lang='lat' dir='ltr'><strong>antiquo</strong></span> <span class='ocrx_word' id='word_1_179' title='bbox 656 3954 797 4026; x_wconf 89' lang='lat' dir='ltr'><strong>tempore</strong></span> <span class='ocrx_word' id='word_1_180' title='bbox 834 3944 929 4006; x_wconf 85' lang='lat' dir='ltr'><strong>factis</strong></span> <span class='ocrx_word' id='word_1_181' title='bbox 961 3941 1062 4003; x_wconf 89' lang='lat' dir='ltr'><strong>verba</strong></span> <span class='ocrx_word' id='word_1_182' title='bbox 1094 3942 1157 4002; x_wconf 84' lang='lat' dir='ltr'><strong>ista</strong></span> <span class='ocrx_word' id='word_1_183' title='bbox 1195 3941 1365 4021; x_wconf 88' lang='lat' dir='ltr'><strong>proferunt.</strong></span> 
     </span>
     <span class='ocr_line' id='line_1_27' title="bbox 278 4049 1364 4147; baseline -0.007 -31"><span class='ocrx_word' id='word_1_184' title='bbox 278 4052 581 4136; x_wconf 68' lang='lat' dir='ltr'><strong>§charaf-Aldinus,</strong></span> <span class='ocrx_word' id='word_1_185' title='bbox 604 4054 656 4134; x_wconf 90' lang='lat' dir='ltr'><strong>qui</strong></span> <span class='ocrx_word' id='word_1_186' title='bbox 675 4057 760 4146; x_wconf 61' lang='lat'><strong>&amp;²9³¹</strong></span> <span class='ocrx_word' id='word_1_187' title='bbox 788 4054 875 4147; x_wconf 44' lang='lat' dir='ltr'><strong>nst</strong></span> <span class='ocrx_word' id='word_1_188' title='bbox 903 4053 1147 4132; x_wconf 74' lang='lat' dir='ltr'><strong>„paternoster</strong></span> <span class='ocrx_word' id='word_1_189' title='bbox 1176 4049 1364 4114; x_wconf 75' lang='lat' dir='ltr'><strong>Enoschuso</strong></span> 
     </span>
     <span class='ocr_line' id='line_1_28' title="bbox 277 4162 1366 4256; baseline -0.004 -21"><span class='ocrx_word' id='word_1_190' title='bbox 277 4174 414 4256; x_wconf 77' lang='lat' dir='ltr'><strong>scripsit,</strong></span> <span class='ocrx_word' id='word_1_191' title='bbox 436 4170 577 4234; x_wconf 86' lang='lat' dir='ltr'><strong>adhiberi</strong></span> <span class='ocrx_word' id='word_1_192' title='bbox 596 4171 796 4254; x_wconf 85' lang='lat' dir='ltr'><strong>proverbium</strong></span> <span class='ocrx_word' id='word_1_193' title='bbox 816 4172 847 4232; x_wconf 92' lang='lat' dir='ltr'><strong>in</strong></span> <span class='ocrx_word' id='word_1_194' title='bbox 870 4169 1029 4230; x_wconf 89' lang='lat' dir='ltr'><strong>hominem</strong></span> <span class='ocrx_word' id='word_1_195' title='bbox 1052 4162 1131 4230; x_wconf 88' lang='lat' dir='ltr'><strong>dixit</strong></span> <span class='ocrx_word' id='word_1_196' title='bbox 1137 4213 1148 4250; x_wconf 61' lang='lat'><em>9</em></span> <span class='ocrx_word' id='word_1_197' title='bbox 1173 4172 1225 4251; x_wconf 92' lang='lat' dir='ltr'><strong>qui</strong></span> <span class='ocrx_word' id='word_1_198' title='bbox 1247 4171 1366 4250; x_wconf 88' lang='lat' dir='ltr'><strong>primus</strong></span> 
     </span>
     <span class='ocr_line' id='line_1_29' title="bbox 277 4283 813 4364; baseline -0.007 -20"><span class='ocrx_word' id='word_1_199' title='bbox 277 4283 413 4344; x_wconf 91' lang='lat' dir='ltr'><strong>omnium</strong></span> <span class='ocrx_word' id='word_1_200' title='bbox 435 4299 501 4342; x_wconf 87' lang='lat' dir='ltr'><strong>rem</strong></span> <span class='ocrx_word' id='word_1_201' title='bbox 521 4296 697 4364; x_wconf 82' lang='lat' dir='ltr'><strong>aggressus</strong></span> <span class='ocrx_word' id='word_1_202' title='bbox 718 4286 813 4341; x_wconf 77' lang='lat' dir='ltr'><strong>esset,</strong></span> 
     </span>
    </p>
   </div>
   <div class='ocr_carea' id='block_1_11' title="bbox 0 0 1504 4952">
    <p class='ocr_par' dir='ltr' id='par_1_12' title="bbox 0 0 1504 4952">
     <span class='ocr_line' id='line_1_30' title="bbox 0 0 1504 4952; baseline 0 0"><span class='ocrx_word' id='word_1_203' title='bbox 0 0 1504 4952; x_wconf 95' lang='lat' dir='ltr'><strong> </strong></span> 
     </span>
    </p>
   </div>
  </div>
 </body>
</html>
