2970 4946
550 311 778 376 -715-

122 489 229 573 ganda
250 499 310 554 est.
347 494 394 574 ln,
406 513 477 556 eum
499 491 625 577 dicitur,
648 495 700 577 qui
720 495 790 556 viro
811 495 955 578 minatur,
978 495 1037 558 sed
1058 514 1130 558 eum
1149 495 1204 556 vi·

124 595 203 659 dens
224 597 424 659 meticulosus
446 606 504 660 est.
541 599 656 690 .‚„Si⁰·„i¹¹
668 600 871 686 docuerant

123 904 297 966 „Accessit
323 883 363 966 ad
390 924 440 966 me
469 901 654 989 socordem,
686 907 743 971 sed
772 925 865 988 quum
892 907 1085 990 propinquus
1106 913 1206 987 esset,

163 1029 267 1074 verax
289 1012 321 1072 in
341 1032 412 1074 eum
433 1014 491 1075 fuit
510 1013 647 1076 mendax
670 1013 838 1094 (animala
1202 1077 1206 1084 ,

203 1095 328 1182 Versus
348 1127 481 1183 metrum
499 1121 679 1184 Motakarib
703 1129 763 1188 est
787 1122 838 1184 cf
859 1122 878 1182 l.
894 1141 941 1183 -.m
963 1141 993 1204 p.
1014 1121 1085 1184 281.
1147 1180 1149 1186 ,

473 1251 614 1380 &w
668 1248 681 1281 J
716 1245 764 1285 05,
848 1299 877 1378 ”A

123 1485 181 1552 12.
232 1475 371 1552 Fulvos
396 1481 435 1551 in
459 1482 651 1580 superiore
676 1477 775 1552 labio
803 1482 920 1552 crines
946 1478 1137 1552 habentes.

204 1601 352 1666 Graecae
374 1604 503 1686 originis
524 1605 584 1667 viri
605 1613 638 1668 et
658 1613 724 1668 tum
745 1606 856 1668 hostes
872 1605 1085 1686 designantur.
1118 1605 1207 1667 Dixit

122 1711 335 1774 Ebu-Kaisus
356 1710 551 1792 Alrakijjah:

5 1861 6 1864 ψ
119 1843 615 1979 elcesaeos&
691 1844 1004 1978 soreres
1025 1835 1205 1994 elei}

118 2059 229 2190 aaut
249 2057 615 2195 deuastat
717 2043 814 2188 ot
837 2121 938 2186 ow«
961 2044 1094 2180 effi
1116 2056 1205 2161 'effi

120 2231 236 2312 „Quod
263 2251 366 2295 meum
392 2235 529 2296 colorem
556 2241 710 2297 mutatum
737 2234 847 2312 vides,
874 2245 907 2297 et
928 2237 1092 2318 canitiem,
1123 2252 1206 2316 quae

161 2340 315 2403 verticem
351 2361 455 2404 meam
489 2350 520 2404 et
551 2343 677 2422 occiput
708 2343 807 2424 tegit,
841 2343 943 2426 scias,
959 2421 961 2432 Α
978 2345 1103 2404 umbras
1131 2344 1204 2422 gla-

163 2445 281 2508 diorum
309 2456 404 2528 caput
430 2443 533 2510 meum
561 2466 672 2510 canum
697 2447 817 2508 fecisse
845 2447 878 2509 et
905 2435 1040 2510 inbelle
1065 2448 1204 2510 hostium

160 2556 338 2634 amplexum
358 2559 513 2616 maome
582 2559 584 2564 '

202 2661 362 2724 Versuum
383 2670 518 2725 metrum
540 2662 651 2725 Chafif
668 2671 727 2724 est.
758 2663 850 2725 Conf.
882 2665 900 2725 l.
929 2683 970 2726 m.
996 2683 1027 2746 p.
1047 2661 1117 2725 262.
1148 2663 1205 2725 Si·
1253 2661 1259 2673 ’

118 2761 183 2822 mili
204 2762 323 2822 ratione
343 2761 467 2824 verbis:
497 2761 600 2846 omit
625 2779 691 2854 oy»
721 2763 852 2846 ”Nigris
872 2765 1029 2828 iecoribus
1050 2761 1202 2845 praeditis

118 2862 230 2924 hostes
251 2862 460 2943 significaturi
481 2871 616 2925 utuntur.

121 3207 180 3276 13.
228 3202 347 3293 Puer,
374 3232 472 3305 quae
497 3230 555 3278 res
580 3204 839 3280 manducanda
865 3208 927 3295 sit,
956 3205 1094 3307 optime
1119 3206 1198 3279 soit.

202 3329 254 3392 De
275 3351 333 3414 eo,
361 3333 413 3394 oui
435 3331 597 3394 eonsilium
620 3331 710 3394 datur
734 3334 921 3396 contrarium
943 3333 988 3416 ei,
1013 3330 1097 3413 quod
1119 3332 1203 3394 laci·

119 3435 234 3498 endum
263 3446 331 3517 est,
361 3441 532 3503 adhibetur.
580 3439 891 3503 Abu-Ohbaidahus
922 3449 1028 3502 autem
1056 3465 1202 3539 σιω

118 3554 199 3635 legit
219 3573 239 3616 a
259 3585 344 3658 ω,ω
367 3557 553 3620 ainclinatus
574 3555 652 3619 fuito
674 3555 694 3616 i.
716 3574 744 3616 e.
767 3555 848 3637 Scit,
871 3554 1029 3637 quomodo
1050 3555 1201 3616 bucceam

118 3671 162 3734 ad
184 3690 220 3734 os
242 3670 375 3753 adferat,
398 3674 488 3736 simili
507 3675 640 3754 ratione,
662 3690 723 3754 qua
744 3670 875 3734 dicitur:
895 3671 984 3754 apl
1009 3705 1053 3755 ς).
1080 3669 1200 3758 &Ml

118 3793 206 3874 „ut
230 3795 265 3871 dl
287 3790 414 3874 ”Magis
436 3791 556 3853 ducens
579 3808 672 3872 quam
692 3806 806 3851 marrus
827 3787 868 3850 ad
890 3807 956 3850 osa
988 3784 1201 3846 Abu-Saidus

119 3907 213 3990 legit:
235 3914 317 3975 „05
341 3915 457 4006 &w
485 3907 575 3988 „kl
599 3884 699 4006 ⁰⁴‚asli
723 3905 827 3965 »Ριιοι
848 3901 927 3963 benc
947 3901 1022 3983 scit,
1043 3898 1084 3962 ad
1105 3919 1197 3981 quem

119 4045 157 4088 se
178 4031 360 4106 convertat,
382 4030 415 4084 ut
436 4041 477 4083 ex
499 4043 537 4083 eo
558 4023 722 4084 utilitatem
744 4022 877 4102 capiate
914 4018 1196 4084 Samaohscharius

120 4132 209 4216 dixit,
229 4130 431 4213 proverbium
451 4126 641 4213 significare,
662 4128 764 4190 vuum
785 4136 905 4190 tantum
930 4124 1073 4208 aggredi,
1095 4143 1196 4207 quan·

121 4250 186 4305 tum
206 4260 264 4324 pro
285 4239 436 4303 facultate
456 4253 514 4300 sua
534 4234 687 4318 perficere
708 4235 818 4318 possit.
