2970 4946
687 363 729 380 .-
761 273 831 392 'rto
871 361 913 374 -

266 509 407 594 spondit:
428 528 490 595 ego
503 527 574 574 sum
587 508 652 573 ntia
664 505 837 573 Dhamrahi
858 505 1050 588 ben-Djabir
1071 515 1104 572 et
1124 525 1215 570 soror
1225 505 1351 570 Dham-

264 621 335 686 sahi
363 618 613 682 ben-Dhamrah.
657 618 737 700 Quis
766 626 871 680 autem
898 627 950 680 est
975 609 1106 679 moritus
1122 611 1234 678 tuus?
1257 637 1352 698 porro

265 727 483 812 interrogavit.
525 726 718 809 Respondit:
746 725 938 788 Haudsahus
966 703 1200 806 bed-Djerwai.
1243 726 1352 789 Dixit:

266 835 318 897 nbi
341 835 369 895 is
390 843 496 896 autem
515 851 597 897 nuno
618 843 680 916 est,
701 835 807 896 scisne
828 833 932 898 looum
947 832 1037 899 eius?
1058 833 1248 916 Respondit:
1270 835 1354 898 haee

265 941 355 1006 stulti
384 941 526 1023 quaestio
556 950 623 1026 est,
652 959 723 1004 narn
752 943 780 1003 si
806 941 875 1003 eius
903 941 1008 1004 ionum
1034 942 1173 1024 scirem,
1196 962 1249 1004 me
1273 961 1294 1004 a
1318 950 1353 1002 te

265 1055 438 1130 separaret.
479 1048 692 1130 Interrogavit
719 1068 793 1110 rex:
823 1049 925 1129 qualis
951 1049 1001 1110 vir
1026 1048 1157 1110 maritus
1177 1055 1252 1110 tuus
1274 1043 1353 1111 esti

265 1155 443 1237 Respondit
464 1155 530 1217 iila:
550 1155 630 1218 haec
651 1156 773 1218 stultior
794 1155 940 1238 quaestio
961 1163 1027 1237 est;
1048 1175 1121 1218 num
1131 1200 1142 1238 ,
1166 1156 1236 1238 quis
1257 1157 1353 1219 Hau·

266 1260 387 1326 dsahus
409 1264 464 1344 sit,
485 1263 670 1346 interrogari
689 1262 909 1346 potest‘t'ltex
930 1271 1036 1326 autern
1060 1262 1152 1327 dixit:
1173 1264 1235 1326 nisi
1255 1265 1355 1326 time-

265 1389 343 1453 rem,
357 1379 390 1432 te
403 1367 573 1452 parituram
589 1389 662 1432 esse
676 1371 809 1433 similem
821 1371 914 1452 patri,
930 1370 1018 1433 fratri
1033 1378 1065 1432 et
1078 1372 1189 1433 marito
1201 1378 1271 1454 tuo,
1287 1391 1353 1453 ego

265 1477 296 1539 in
317 1477 403 1538 vivis
433 1485 465 1539 te.
492 1477 706 1559 relinquerem.
749 1479 830 1540 'l'um
860 1496 930 1539 eam
951 1478 1083 1540 eremari
1102 1477 1202 1539 iussit
1245 1477 1354 1559 Quum

264 1623 305 1691 aa
337 1605 444 1686 ignem
478 1604 695 1684 conspiceret,
727 1603 822 1666 dixit:
846 1587 971 1690 jez-3
994 1587 1153 1684 (Ji-fi*
1176 1597 1295 1688 0-ss
1320 1585 1353 1653 di

266 1713 403 1775 „Nonne
423 1711 546 1774 iuvenis
567 1712 640 1774 loeo
660 1704 826 1774 votuiaeio
858 1729 939 1792 quae
966 1712 1067 1773 verba
1093 1712 1351 1794 inlproverbium

266 1827 429 1882 venerunt.
472 1819 538 1882 Sed
560 1837 653 1901 quum
674 1819 727 1882 ilia
747 1840 810 1882 non
837 1820 1040 1901 liberaretur,
1069 1818 1208 1923 dolorem
1238 1821 1309 1894 ob
1299 1841 1350 1882 rn-

265 1927 394 1989 teritum
414 1928 649 2010 significaturus
672 1926 764 1990 dixit:
796 1929 899 1999 L...»
924 1926 1059 2026 „biiii
1093 1951 1127 1993 υ
1120 1930 1202 2030 ,bo
1227 1931 1351 2019 υῳ

266 2041 394 2110 „Eheut
416 2049 508 2112 Facti
528 2059 602 2112 sunt
623 2051 758 2113 iuvenes
780 2051 906 2112 eineres
917 2049 976 2130 ι).ιι
1019 2052 1078 2115 ilia
1099 2054 1193 2116 tum
1185 2074 1217 2116 rn
1244 2055 1351 2137 ignem

266 2155 380 2217 iniecta
407 2165 466 2218 est
508 2155 601 2240 Rex,
631 2160 694 2219 isto
724 2156 775 2219 die
807 2157 932 2218 nemine
964 2158 1110 2240 invento,
1140 2161 1171 2221 in
1197 2161 1262 2223 fine
1291 2160 1352 2222 diei

266 2260 369 2324 virum
390 2261 544 2324 Ahmmar
570 2265 758 2345 appellatum
787 2263 818 2325 in
847 2265 968 2325 oamelo
994 2265 1165 2328 vehentem
1189 2268 1353 2349 conspici-

265 2385 336 2449 ens,
358 2368 427 2451 quis
449 2377 548 2454 esset,
570 2370 787 2453 interrogavit
819 2369 889 2454 Ille,
910 2389 949 2433 sa
967 2371 1070 2433 νίιιιιιι
1091 2393 1110 2434 e
1130 2381 1227 2453 gente
1248 2373 1353 2435 Alba-

263 2474 377 2556 radjim
399 2494 488 2558 esse,
510 2478 679 2542 confossus
701 2488 759 2541 est.
802 2480 882 2558 'l'um
903 2498 976 2559 rex;
1001 2497 1157 2574 quaenam
1179 2488 1230 2543 est
1251 2497 1351 2543 eausa

263 2578 446 2646 adventus?
474 2602 512 2646 se
539 2583 659 2648 fumum
686 2585 827 2668 vidisse,
855 2584 1033 2670 respondit,
1064 2594 1096 2648 et
1123 2585 1226 2650 eibum
1247 2588 1352 2669 parari

263 2699 407 2776 putasse.
435 2693 499 2755 Per
518 2694 638 2775 aliquot
658 2701 777 2757 autem
785 2693 852 2756 dies
872 2712 917 2756 se
930 2694 973 2756 nil
995 2695 1057 2756 eibi
1077 2694 1238 2758 habuisse.
1268 2697 1351 2759 Tum

261 2819 321 2862 rex
342 2797 435 2860 dixit:
458 2800 583 2901 βψ
608 2800 680 2890 tasi,
709 2801 827 2904 &mi
853 2805 892 2900 ω1
922 2800 1042 2863 »Miser
1063 2809 1114 2863 est
1135 2801 1311 2865 adveniens
1332 2822 1353 2864 o

262 2933 359 3007 gente
376 2924 602 3005 Aibaradjima:
630 2925 690 2988 Vir
711 2932 835 3008 quoque
855 2926 907 2987 illo
927 2925 959 2987 in
980 2925 1273 3007 ignemoonieotus
1290 2935 1351 2990 ost.

263 3033 357 3098 Coni.
378 3037 407 3114 I,
428 3035 458 3097 o
480 3033 664 3118 x111,141.
699 3032 836 3111 Quidam
865 3032 959 3120 dixit,
987 3053 1098 3119 regern
1123 3037 1202 3098 alios
1223 3046 1352 3118 praeter

190 3163 193 3170 ⁴
261 3139 346 3205 huno
366 3163 386 3204 e
406 3152 503 3224 gente
524 3141 647 3205 'tanim
667 3162 729 3205 non
750 3152 932 3206 assecutum
954 3161 1048 3227 esse,
1070 3145 1194 3208 nonnisi
1214 3143 1350 3208 feminas

263 3258 296 3312 et
316 3269 435 3332 pueros
458 3268 640 3333 cremasse,
661 3258 809 3313 caeteros
830 3250 909 3337 fuga
931 3253 1088 3319 evasisse.
1129 3253 1222 3315 Haeo
1243 3263 1351 3316 autem

262 3376 315 3420 res
335 3358 367 3419 in
389 3375 487 3420 eausa
517 3365 602 3442 erat,
632 3375 687 3419 our
714 3360 803 3442 genti
824 3359 948 3424 'ramim
975 3360 1034 3424 cibi
1056 3357 1245 3424 desiderium
1268 3361 1348 3424 obii-

263 3474 396 3530 ceretur.
417 3466 511 3548 conf
531 3484 650 3529 versus
669 3485 723 3550 pg.
745 3465 817 3534 332

598 3600 938 3763 Mean
1011 3659 1031 3738 t

267 3815 323 3882 11.
373 3803 532 3878 Verax
520 3827 560 3876 ru
585 3827 672 3874 eum
696 3801 769 3875 fuit
787 3805 930 3894 Ιειιιίιιιει

344 3941 439 4004 Vooe
464 3931 572 4029 μμ(
599 3937 799 4002 mentiens
826 3937 890 4002 hoo
917 3938 950 4002 in
977 3939 1049 4002 loon
1074 3940 1204 4006 anima
1229 3939 1347 4040 inteiliss

265 4126 492 4142 *w

297 4247 325 4312 t)
349 4249 380 4298 1n
397 4209 607 4304 sanaemeuant
624 4262 706 4316 opere
718 4234 779 4332 ,bo
794 4248 906 4316 togttnr.
933 4319 935 4326 Α
961 4245 962 4248 ’
