3044 4938
729 322 955 383 ...188-

359 503 500 566 Arabum
520 504 665 566 mudieres
685 521 776 565 crura
790 501 994 584 compedibus
1009 521 1122 564 ornare
1136 502 1249 563 solent.
1270 502 1393 562 Verbis

296 608 386 670 hisce
407 609 439 670 in
459 629 507 692 re,
537 609 773 690 quaeludibrio
796 617 857 694 est,
880 627 975 691 quum
995 608 1117 670 ludibrii
1137 610 1227 670 locas
1248 610 1392 690 nonsit,

297 724 436 777 utuntur.
461 717 600 779 Primum
620 719 720 779 verba
740 718 803 779 ista
820 717 898 778 dixit
912 715 1096 778 Alwaratsa
1117 715 1180 777 filia
1196 714 1393 776 'l'sahlebahi

297 841 376 885 uxor
397 823 509 886 Dsobli
526 823 788 892 ¹ben-Scheibau.
827 813 970 890 Dsehlus
992 823 1237 888 beu-Schaiban
1257 825 1392 885 maritus

296 931 499 995 Alwaratsae
521 934 615 994 simul
636 951 768 994 uxorem
788 932 922 994 duxerat
945 931 1121 994 Rikacham
1142 930 1236 992 filiam
1254 929 1393 992 Ahmrui

294 1038 535 1102 ben-Ohtsrrian
561 1060 580 1100 e
605 1047 703 1126 geute
722 1039 981 1122 Banu-'l'aghleb
1008 1038 1145 1122 oriundi,
1181 1055 1274 1118 quam
1295 1035 1392 1098 crh-

295 1145 354 1210 bus
374 1146 556 1208 ben-Malle
582 1147 756 1208 ben-'l'aim
785 1147 878 1210 Allah
894 1144 1173 1207 ben-'l'sahlebah
1193 1141 1391 1208 ben-Ohca-

295 1250 357 1314 bah
379 1271 399 1314 a
420 1273 458 1314 se
477 1253 646 1317 dimiserat.
688 1254 817 1316 Accidit
847 1253 897 1314 die
926 1253 1080 1335 quodam,
1104 1273 1199 1337 quum
1223 1253 1392 1316 Rikascha

294 1360 435 1423 cruribus
457 1361 661 1442 compedibus
682 1361 800 1422 ornatis
823 1359 978 1443 prodiret,
1009 1369 1043 1422 ut
1063 1360 1247 1421 Alwaratsa
1267 1359 1391 1421 ludibrii

295 1486 394 1530 causa
414 1467 541 1547 ὀιζύς,
564 1469 638 1580 &1⁵⁸⁹
656 1494 701 1582 2⁶⁴·
724 1494 770 1582 2⁹·
799 1467 922 1546 eQuam
943 1469 1105 1548 pulchrum
1128 1476 1178 1530 est
1200 1486 1273 1530 crus
1295 1488 1392 1531 cem-

295 1593 427 1674 pedibus
450 1583 626 1654 omatumla
650 1591 777 1674 diceret.
811 1591 864 1652 Ad
884 1610 966 1672 quae
987 1591 1088 1652 verbe
1110 1609 1204 1672 quum
1221 1591 1391 1656 Rikascha

293 1701 355 1762 imo
378 1717 451 1760 crus
472 1715 544 1760 cum
567 1698 771 1778 compedibus
778 1744 789 1782 ‚
812 1698 870 1761 sed
891 1718 910 1759 a
932 1699 993 1760 tuis
1017 1698 1168 1782 diversis,
1199 1701 1389 1781 respondis·-

294 1817 364 1890 set,
392 1808 473 1868 irata
493 1807 678 1868 Alwaratsa
706 1808 737 1867 in
765 1809 848 1868 illam
875 1807 996 1886 insiliit3
1027 1808 1150 1869 solebat
1179 1808 1260 1868 euim
1284 1811 1391 1872 mariti

293 1915 343 1977 sui
365 1931 481 1976 uxores
498 1913 682 1975 verberibus
703 1915 868 1994 expellere.
911 1915 957 1976 At
981 1933 1001 1976 a
1021 1913 1187 1976 Rikascha
1214 1915 1303 1978 victa
1324 1918 1390 1980 hac

293 2021 369 2082 viee
382 2021 557 2081 succubuit.
582 2020 681 2092 Victa
699 2031 804 2084 autem
825 2022 885 2084 hos
907 2031 972 2086 tum
992 2041 1107 2085 versus
1130 2022 1251 2086 dixisse
1273 2026 1390 2090 dicitur

286 2142 635 2290 rums
661 2165 715 2268 u
738 2143 816 2289 s
855 2156 935 2286 us
954 2143 1388 2296 emmau

285 2362 814 2514 gaitsauzmeugtu
861 2371 1240 2515 ..emergi
1261 2380 1388 2517 ..tus

294 2577 387 2640 „Vae
416 2570 505 2640 mihil
536 2598 609 2640 nam
635 2578 728 2641 hodie
755 2577 982 2662 grandaevitas
1006 2601 1058 2643 mc
1078 2583 1200 2664 attigit3
1231 2601 1305 2644 num
1333 2604 1388 2646 me

332 2684 395 2746 hac
419 2704 558 2766 vespera
586 2685 746 2766 deplorem
776 2706 816 2748 au
844 2681 1010 2748 omittam?
1053 2689 1096 2752 Et
1123 2708 1179 2768 per
1206 2682 1326 2753 Deum!
1356 2693 1387 2752 si

332 2791 426 2854 medo
454 2793 541 2854 vires
565 2794 597 2853 in
624 2813 675 2854 me
704 2794 844 2876 reliquae
871 2795 1023 2878 fuissent,
1053 2795 1109 2856 tibi
1137 2796 1312 2860 accidisset
1338 2799 1386 2882 id,

333 2897 417 2978 quod
438 2899 500 2960 tuis
524 2899 622 2960 sociis
649 2899 793 2960 accidite

374 3006 514 3066 Metmm
536 3012 588 3066 est
609 3004 768 3066 'l'hawil
788 3008 997 3090 appellatum,
1019 3008 1110 3069 cuius
1131 3010 1162 3072 in
1183 3012 1269 3076 initio
1290 3016 1384 3095 primi

291 3129 406 3173 versus
427 3132 490 3173 una
509 3111 633 3192 syllaba
654 3110 781 3172 excidit.
805 3113 886 3173 conf.
908 3113 974 3175 libr.
996 3133 1036 3175 m.
1057 3134 1088 3196 p.
1112 3116 1172 3178 170
1193 3136 1241 3202 sq.

176 3271 178 3276 ,
374 3220 425 3280 Ex
447 3217 611 3280 Rikaseha
633 3225 766 3298 quatuor
786 3217 841 3279 filii
862 3221 926 3282 nati
954 3215 1045 3283 sunti
1071 3224 1260 3310 Murrahus,
1288 3229 1387 3292 Abu-

292 3325 466 3409 Rabiahus,
489 3323 700 3386 Mohullemus
721 3333 753 3386 et
774 3327 954 3390 Alharitsus
976 3330 1167 3396 ben-Dsohl.
