2986 4930
448 340 452 348 ·
608 334 833 400 -us-

256 514 423 578 Proverbii
440 505 558 579 sensus
581 523 648 577 est:
671 514 806 598 Cameli,
827 534 958 596 querum
979 531 1059 578 etue
1078 517 1149 579 aliis
1170 535 1263 581 eom·

171 623 272 685 misse
300 630 387 705 erat,
413 640 510 705 quum
537 642 600 684 non
628 622 708 683 bene
737 641 775 684 se
795 621 963 706 heberent,
995 631 1070 704 post
1089 642 1110 686 a
1131 623 1263 687 dominis

173 737 303 812 pastum
325 729 410 792 dueti
436 737 528 814 sunt,
554 737 589 791 ut
617 729 658 792 ed
686 749 743 793 eos
768 748 822 793 res
853 727 959 793 deletu
985 730 1044 811 sit,
1077 732 1129 813 qui
1157 751 1262 798 curem

173 833 432 918 diligentiamque
452 837 484 898 in
510 855 550 900 ea
571 835 710 899 curanda
729 835 886 898 adhibent.

422 971 531 1161 μ
566 1031 716 1151 <92⁹2
754 985 791 1100 ¹5³
823 975 915 1151 „3
985 1025 1003 1104 ‘¹

170 1212 205 1284 9.
256 1201 360 1276 infra
385 1200 473 1292 hoe,
501 1219 537 1274 et
563 1205 687 1276 asinus
714 1199 908 1276 vendibilis
933 1201 1114 1280 redditur.

254 1354 391 1436 Quidam
411 1353 535 1416 usinum
556 1350 697 1414 vendere
717 1351 748 1412 in
776 1351 881 1413 anime
909 1352 1031 1415 babens
1060 1354 1195 1435 pererio,
1225 1371 1264 1415 se
1320 1381 1323 1392 v

169 1463 199 1524 ei
220 1461 337 1524 donum
355 1460 504 1522 daturum
525 1450 617 1543 esse,
645 1459 674 1521 si
693 1458 817 1521 usinum
843 1459 1033 1523 vendibilem
1061 1459 1262 1540 reddidisset,

167 1570 320 1652 promisit.
363 1569 514 1632 Perarius
536 1568 634 1652 igitur
655 1567 736 1629 asini
758 1567 914 1629 dominum
936 1569 968 1628 in
988 1568 1056 1630 lero
1078 1567 1128 1629 his
1155 1566 1262 1629 verbis

166 1678 324 1740 allocutus
345 1684 405 1738 est
449 1676 555 1738 »Num
581 1675 634 1736 bie
660 1677 769 1738 asinus
793 1683 860 1757 est,
889 1676 920 1737 in
947 1693 1008 1756 quo
1036 1675 1123 1737 feres
1151 1676 1262 1736 veneri

126 1826 130 1833 -
167 1777 324 1847 solebas?
345 1781 385 1843 ad
408 1799 492 1864 quae
514 1781 658 1844 dominus
678 1782 840 1863 proverbii
860 1781 968 1843 verbis
991 1780 1184 1862 respondite
1208 1782 1262 1844 Ne

165 1891 264 1954 tantis
292 1890 418 1952 usinum
451 1886 596 1951 laudibus
631 1887 761 1974 efferat,
794 1896 893 1950 vetat.
935 1887 1000 1950 Alii
1030 1888 1061 1948 in
1092 1887 1260 1968 proverbio

163 1999 313 2082 copulem
332 2037 354 2086 >
382 1996 538 2059 emittunt
579 1997 616 2058 In
636 1997 731 2060 nimie
750 1995 843 2060 laude
863 1995 1066 2077 proverbium
1087 1994 1256 2060 adhibetur

162 2121 258 2188 Conf.
280 2121 319 2186 C.
340 2122 433 2205 Xlll,
453 2121 483 2185 3.

246 2614 515 2683 lbn-Alahrebius
537 2614 613 2678 dicit
620 2659 631 2698 ,
652 2615 798 2698 Arabes,
827 2615 950 2697 quando
972 2619 1094 2678 eoelum
1114 2616 1254 2698 pluviam

163 2719 348 2805 portendat,
376 2723 534 2803 proverbii
559 2723 668 2784 verbis
697 2723 759 2783 uti:
795 2722 922 2804 ”Large
947 2723 1086 2804 pluviam
1115 2721 1254 2807 effunde,

165 2819 368 2889 oeeelumlu
414 2829 495 2891 Aliis
516 2837 624 2892 eutem
645 2846 724 2920 W
759 2846 874 2891 nemen
909 2829 979 2891 ovis
1011 2837 1079 2890 est:
1128 2830 1256 2912 „Lange

163 2951 214 3012 lae
234 2950 357 3031 emitte3
383 2970 403 3013 ο
426 2941 536 3014 evislu
578 2950 744 3015 Proverbii
770 2953 870 3016 verba
897 2952 929 3016 in
955 2953 1112 3016 bominem
1140 2952 1255 3033 loque·

163 3075 234 3121 eem
255 3056 371 3120 dieunt

279 3169 619 3326 fflfljssi
653 3172 728 3320 j}
768 3175 918 3304 M
954 3175 1070 3302 titud
1142 3224 1173 3304 ll*

163 3409 222 3495 ll.
261 3401 357 3472 Ante
374 3426 546 3508 somnum
571 3399 719 3475 mollem
736 3402 805 3476 tibi
825 3401 985 3477 cubandi
1001 3399 1126 3476 lecum
1144 3409 1252 3506 para!

241 3549 416 3614 Proverbie
435 3558 569 3614 metrum
589 3552 700 3614 Besith
721 3562 781 3615 est
809 3553 891 3615 conf.
912 3553 931 3614 l.
952 3571 992 3614 m.
1014 3572 1044 3634 p.
1068 3551 1138 3616 190.
1159 3552 1249 3612 Loeo

157 3657 250 3720 vonis
268 3659 387 3728 Μ
410 3660 553 3722 emmae
574 3666 668 3723 tuae«
689 3643 794 3747 Μ
815 3661 926 3724 „lateri
945 3668 1017 3724 tuot<
1040 3660 1162 3742 legitur.
1175 3659 1249 3720 lle-

157 3783 248 3846 ririus
269 3782 318 3866 (p.
337 3783 428 3866 582.)
450 3785 570 3850 emisse
589 3804 673 3850 vene
698 3788 788 3880 κομι
804 3789 853 3850 sie
864 3787 1012 3852 mutavit:
1033 3761 1139 3865 Μ
1163 3799 1249 3850 um

156 3907 327 4014 g-‚stlvndt
351 3914 411 3998 da&
444 3910 547 3974 ”Pers
578 3911 634 3974 tibi
664 3910 807 3992 (locum)
836 3919 1007 3993 antequam
1038 3903 1245 3985 preeuntis«

156 4035 321 4099 Proverbii
338 4055 475 4100 seusus:
503 4038 588 4101 Pera
612 4037 667 4099 tibi
698 4046 772 4099 unte
800 4055 891 4099 usum
917 4052 970 4096 res
992 4029 1192 4094 necessarias
1213 4040 1246 4094 et

156 4151 267 4207 eontra
286 4145 496 4227 calamitates,
517 4154 686 4227 antequem
707 4142 835 4228 irruunt,
857 4153 890 4211 te
909 4130 1015 4204 erma!
1036 4136 1244 4202 Proverbium

157 4271 199 4315 ex
219 4252 366 4315 versibus
387 4250 556 4316 hekithi
579 4251 756 4316 derivatum
778 4269 854 4326 esse
875 4245 997 4310 dieunt:
