3044 4938
681 306 907 368 -tst-

250 498 335 560 huno
355 495 438 558 diem
457 493 669 575 incognitam
692 507 752 552 nos
773 487 857 548 enim
868 502 942 546 enm
961 489 1069 564 gente,
1091 479 1182 542 onius
1202 475 1344 557 dignitas
1359 517 1408 581 ἢ

248 605 323 666 talis
344 610 405 684 est,
427 600 616 662 societatem
642 614 705 657 non
729 595 852 654 inimus.
894 588 1059 652 Proverbii
1078 594 1214 648 metrum
1234 579 1346 644 Red-

245 730 314 793 jos
334 719 394 772 est
423 707 506 768 conf.
526 706 593 766 libr.
615 723 655 765 m.
678 722 707 782 p.
728 699 800 763 230.

257 1105 337 1174 123.
370 1098 493 1171 Sonus
514 1119 755 1195 repercussus
776 1087 916 1188 (Eeho)
933 1111 1030 1186 quae
1050 1085 1194 1157 audivit
1217 1079 1350 1168 verba,

373 1219 502 1293 eadem
527 1220 675 1319 repetit·

340 1374 376 1433 In
406 1390 478 1432 eum
503 1367 707 1448 transfertur,
734 1362 786 1444 qui
813 1357 854 1432 oo
874 1378 942 1420 rem
963 1375 1175 1438 quancunque
1199 1364 1354 1439 vocatae,

256 1481 386 1542 vocanti
407 1497 534 1559 semper
555 1473 672 1555 adnuit,
694 1470 806 1531 eadem
829 1468 921 1550 quasi
936 1468 1046 1548 verba,
1069 1467 1152 1527 sicut
1174 1483 1272 1527 conus
1294 1485 1355 1526 re-

257 1604 443 1669 percussus,
465 1591 622 1664 repetens.
666 1583 725 1644 itm
749 1595 825 1660 μὶ.)
854 1575 948 1636 filia
974 1583 1119 1655 petrae
1140 1583 1245 1636 autem
1265 1572 1355 1636 idom

202 1709 209 1726 '
259 1718 311 1774 cst
338 1709 422 1792 quod
450 1693 525 1792 μὶ
550 1733 634 1786 wa
663 1702 756 1763 fitia
784 1697 931 1763 montis
961 1698 1100 1780 (Echo).
1142 1697 1355 1760 Proverbium

258 1835 300 1900 ed
319 1841 453 1896 metrum
476 1828 597 1894 Sarih
617 1843 772 1888 revocare
792 1826 875 1888 licet.
900 1826 982 1886 conf.
1003 1824 1069 1886 libr.
1091 1844 1133 1887 m.
1153 1845 1184 1904 p.
1204 1823 1276 1886 etc.

266 2255 347 2332 124.
400 2251 487 2340 Quo
513 2265 684 2349 tempore
709 2243 867 2320 evellere
893 2247 1101 2348 incipimus
1114 2271 1253 2348 parvus
1280 2243 1362 2346 pal·

396 2400 478 2447 mae
503 2372 676 2447 surculus
702 2369 927 2473 plantandus
953 2388 1019 2444 est.

348 2552 551 2613 Vocabulum
578 2582 639 2652 0?
675 2549 715 2611 de
740 2549 902 2630 temporis,
933 2557 998 2610 tum
1021 2548 1186 2609 cuiuslibet
1205 2548 1251 2608 rei
1272 2547 1360 2610 initio

265 2697 442 2770 usurpatur.
485 2687 709 2769 Proverbium,
739 2706 780 2748 no
801 2686 846 2746 rei
866 2682 1079 2770 perficiendae
1101 2685 1304 2748 occasionem
1328 2691 1361 2744 et

263 2804 391 2878 tempus
413 2795 719 2877 praetermittamus,
745 2801 859 2854 monet.

583 3040 717 3156 marja,
682 2958 1077 3154 cisonii

273 3225 352 3294 125.
407 3217 521 3291 Filius
547 3219 663 3293 scorti
690 3245 760 3320 pro
788 3216 884 3292 oleo·

333 3370 451 3452 Fures,
474 3388 609 3451 quacum
624 3389 691 3431 rem
705 3369 890 3453 habuerant,
904 3369 1061 3431 meretrici
1084 3370 1196 3454 oleum,
1218 3369 1260 3430 nil
1281 3367 1366 3430 aliud

232 3483 237 3492 '
272 3477 354 3538 enim
376 3477 597 3564 possidebant,
629 3479 704 3540 dare
725 3480 885 3543 volebant.
927 3480 971 3540 At
998 3479 1050 3539 illo
1080 3479 1182 3544 oleum
1211 3493 1367 3538 recusans

255 3582 371 3664 ‘dixitz
393 3583 559 3667 gravidam
582 3605 633 3647 me
656 3605 731 3648 esse
751 3597 838 3670 puto,
861 3587 933 3648 nolo
949 3585 1043 3668 igitur
1060 3585 1157 3646 filium
1177 3567 1283 3646 meum
1306 3604 1368 3664 ap-

273 3693 384 3774 peHari
398 3691 495 3753 filium
511 3694 609 3753 scorti
624 3713 681 3773 pro
702 3696 783 3780 oleo,
800 3710 884 3775 quae
903 3693 1003 3754 verbu
1021 3702 1136 3774 postea
1151 3694 1182 3754 in
1197 3692 1368 3774 proverbi·

274 3819 335 3886 um·
348 3806 511 3892 venerunt.
547 3799 630 3859 conf.
654 3797 775 3861 Schult.
797 3820 887 3881 prov.
909 3799 1007 3862 Moid.
1030 3820 1059 3880 p.
1084 3800 1137 3879 48.Ι
1165 3800 1254 3863 Dixit
1274 3808 1371 3880 poeta

277 3929 593 4074 eij-wo&
621 3929 776 4060 34³³&ss
872 3934 1029 4076 2321>
1054 3920 1374 4081 “socco

278 4128 563 4213 „Quotiescunque
590 4132 705 4193 vivens
733 4134 879 4213 sepulcro
903 4132 1061 4196 conditum
1083 4141 1195 4213 satyra
1215 4130 1373 4211 perstrin-

318 4235 385 4318 git,
406 4236 459 4298 hic
479 4238 574 4302 vobis
596 4247 647 4300 est
666 4239 749 4302 filius
770 4239 867 4302 scorti
887 4259 944 4321 pro
967 4241 1065 4302 olcoo
