3044 4938
585 359 808 420 ..177.„.

157 549 216 617 89.
265 539 452 614 Pernoeta
480 563 594 640 super
626 539 701 613 talo
729 543 924 626 cautionis,
951 563 1038 610 nam
1065 566 1085 610 a
1108 555 1251 612 torren-

265 670 398 740 teiam
424 667 601 768 abreptus
627 691 675 739 es.

162 855 164 860 ,
239 821 336 901 num,
360 818 418 880 eui
443 815 528 878 haud
556 819 675 878 curanti
704 817 846 879 interitus
875 825 1019 898 paratur,
1047 817 1250 899 proverbium

158 936 272 989 monet.

158 1348 216 1417 90.
270 1341 516 1414 Manifestavit
541 1339 835 1425 Ghammanum3
865 1357 974 1412 etue
1001 1339 1063 1436 (de
1087 1344 1147 1440 eo)
1174 1341 1248 1416 du-

271 1466 375 1539 bites.
1100 1465 1105 1476 ’

241 1616 458 1680 Ghammanus
480 1618 530 1678 vir
550 1618 629 1678 inter
657 1617 807 1697 aequales
829 1619 1046 1697 generositate
1075 1627 1107 1679 et
1134 1619 1250 1679 virtute
1334 1689 1335 1692 υ

156 1726 291 1807 insignis
318 1734 394 1786 erat.
437 1724 600 1787 Proverbii
627 1741 744 1784 sensus
773 1731 838 1784 est:
870 1725 917 1787 Se
946 1724 1083 1785 ostendit
1110 1743 1251 1806 genero-

157 1852 245 1911 sum,
274 1851 314 1892 ne
334 1831 428 1913 igitur
450 1829 587 1911 dubites,
617 1849 688 1891 enm
710 1830 805 1890 talem
828 1848 912 1891 esse.
955 1833 992 1892 ln
1014 1851 1052 1892 eo
1074 1829 1249 1912 adhibetur,

155 1941 209 2025 vqni
229 1958 296 2001 rem
316 1939 501 2020 abnegavit,
524 1957 607 2019 quae
629 1938 751 2012 omnino
773 1937 942 1999 manifesta
964 1946 1021 1999 est.

157 2360 215 2430 91.
267 2352 339 2424 Per
366 2355 436 2425 mei
463 2351 616 2425 similem
642 2349 778 2424 vulnus
807 2349 961 2426 eschard
990 2353 1168 2429 nudatur.

243 2505 307 2566 Per
327 2505 441 2585 virum,
464 2504 564 2582 qualis
587 2523 648 2585 ego
671 2523 753 2584 sum,
775 2505 890 2565 malum
906 2506 1007 2567 averti
1028 2515 1143 2589 potest.
1164 2509 1249 2568 Pro-

158 2609 267 2670 verbio
290 2609 422 2669 similem
445 2627 574 2668 sensum
596 2611 755 2688 expressit
776 2619 871 2689 poeta

199 2715 202 2723 “
270 2736 336 2763 9.
395 2739 499 2762 m..
575 2736 606 2761 .>
644 2737 748 2762 ,rm
798 2739 845 2762 .o.
897 2722 966 2763 Lo.
1044 2739 1075 2765 ‚a
1148 2755 1157 2766 ,

245 2736 360 2875 urle}-
386 2765 453 2864 bssb
482 2767 534 2859 Ψ
560 2767 677 2871 leo,lte
702 2767 768 2870 *Ψ
792 2765 871 2875 cdl*
901 2767 964 2828 “⁸
990 2768 1169 2883 {will

162 2939 333 3028 „Pertinax
361 2939 391 2998 in
420 2939 527 3022 bellis,
561 2938 611 3000 vir
641 2938 672 2998 ei
700 2936 809 3000 similis
837 2938 951 3000 vulnus
980 2943 1116 3005 eschara
1142 2945 1252 3028 nudat,

202 3046 295 3109 modo
325 3066 364 3110 ea
391 3047 592 3130 aggreditur,
620 3047 714 3109 modo
744 3065 783 3108 ea
813 3046 957 3110 dentibus
986 3052 1154 3115 molaribus
1175 3075 1252 3135 pre-

202 3153 338 3216 hendit.o

444 3419 483 3507 Ψ

485 3310 761 3524 ωξῐέἑπὲᾇ
798 3316 912 3473 tau
985 3369 1022 3450 rr

162 3574 222 3644 92.
260 3531 377 3641 'Inter
400 3584 605 3670 utrumque
631 3586 686 3644 est
711 3587 852 3644 stature
880 3572 1049 3647 hominis.

244 3722 296 3783 De
316 3722 410 3783 rebus
432 3721 553 3783 duabus
574 3721 709 3784 invicem
737 3719 930 3807 propinquis,
958 3727 978 3790 i.
1001 3747 1028 3788 e.
1050 3746 1112 3789 una
1141 3729 1180 3790 ab
1203 3732 1253 3791 al-

163 3837 231 3893 tera
252 3827 348 3892 distat
369 3828 502 3891 hominis
524 3829 728 3912 longitudine.

271 4015 765 4206 &totodlosj
797 4017 945 4212 &Sil
968 4019 1046 4195 υιᾷ
1120 4071 1167 4152 ‘tr

163 4275 222 4349 93.
264 4271 367 4344 Inter
393 4273 661 4374 obsequentem
687 4289 723 4346 et
749 4271 1047 4348 retrocedentem
1064 4273 1252 4351 rebellem.

1015 4431 1059 4497 12
