3010 4936
142 798 208 867 208
270 789 369 863 Num
395 790 704 864 consuetudinem
729 791 836 864 aliam
862 795 1026 892 (tenuit.)

215 964 397 1028 Meidanius
419 967 517 1029 verba
539 967 705 1049 explicans
727 968 847 1049 ellipsin
869 968 1014 1055 admittit,
1038 981 1071 1034 ut
1088 992 1225 1058 respon-

135 1093 202 1136 sum
225 1075 254 1134 ei
277 1074 384 1136 datum
406 1077 462 1156 sit,
485 1077 624 1157 quirem
646 1074 730 1136 baud
751 1077 915 1156 probatam
938 1082 1097 1160 protulerit
1119 1093 1151 1145 et
1172 1087 1221 1148 cui

135 1183 214 1245 fides
234 1203 298 1244 uon
320 1183 481 1245 habeatur.
524 1186 714 1248 Accusativi
735 1203 864 1246 causam
887 1187 917 1246 in
942 1190 1039 1252 verbo
1060 1183 1139 1258 (abl
1162 1211 1223 1256 cc-

134 1312 192 1392 pit
213 1311 333 1373 omissc
355 1309 435 1372 vidit
456 1312 474 1372 i.
497 1329 525 1371 e.
556 1312 629 1374 avel
651 1310 911 1375 consuetudinem
932 1313 1043 1398 aliam,
1072 1334 1164 1398 quam
1190 1327 1224 1382 tu

135 1417 251 1500 dixisti,
274 1417 403 1479 tenuit«
440 1418 523 1483 Rem
545 1415 649 1480 autem
671 1418 761 1514 aliter
782 1436 820 1480 se
840 1419 976 1502 haberes
992 1438 1032 1483 ac
1052 1421 1135 1486 dicta
1156 1427 1223 1509 fuit,

29 1558 31 1618 p
134 1526 334 1608 proverbimu
348 1524 520 1606 significat.
562 1525 759 1587 Femininum
772 1530 869 1620 &7⁵⁸
922 1528 1120 1592 coniunctum
1173 1543 1223 1594 est

134 1671 202 1713 cum
230 1652 388 1713 vocabulo
432 1659 506 1754 55⁶⁸>
531 1650 615 1731 quod
635 1652 899 1732 significationem
921 1654 1013 1715 vocis
1034 1657 1102 1721 sete
1131 1674 1222 1718 con-

134 1780 386 1860 suetudinis,
420 1797 501 1860 quae
536 1787 586 1839 est
612 1778 741 1859 generis
775 1777 929 1862 feminini,
966 1780 1069 1844 babet.
1105 1781 1223 1843 Meid.

135 1889 330 1970 Adhibetur,
361 1906 455 1969 quum
484 1889 553 1968 quis
579 1907 646 1948 rem
673 1886 798 1948 omnino
826 1891 1040 1952 necessariam
1070 1909 1224 1987 peragere
1253 1935 1256 1944 ·

136 1998 266 2060 iubetur.
311 1993 572 2058 Sobesos-didio.
601 1993 856 2059 Samachschari.

413 2158 578 2317 jung
610 2145 720 2291 dlii
789 2210 838 2287 ta

138 2397 220 2467 209.
272 2386 463 2462 Familiam
514 2407 615 2464 tuam
662 2392 946 2486 (reminiscaris)
992 2389 1027 2462 et¹
1077 2407 1224 2466 noctem

289 2517 484 2608 (caveas)l

199 2694 374 2755 Proverbio
395 2695 457 2756 boc
479 2694 656 2755 cautionem
685 2692 915 2754 commendant.
954 2689 1015 2749 Alii
1042 2691 1101 2752 alio
1130 2692 1222 2753 modo

139 2801 338 2884 proverbium
361 2803 534 2884 explicant3
556 2800 615 2862 sed
637 2819 752 2863 sensus
773 2799 857 2862 idem
879 2808 993 2860 manet.
1030 2798 1223 2861 Scharaf-

141 2909 266 2972 Aldin.
290 2909 621 2972 Samachschari.
651 2907 733 2970 conl.
755 2909 869 2990 Erpen.
893 2907 984 2971 Cent.
1005 2910 1036 2992 2,
1058 2909 1107 2972 99.

141 3343 224 3409 lli).
277 3335 338 3406 Tu
363 3361 409 3406 ex
435 3337 538 3409 rubis
564 3362 657 3408 uvas
682 3363 757 3408 non
785 3332 946 3434 colliges.

223 3493 430 3556 Proverbium
458 3495 520 3555 hoc
552 3495 688 3557 Actamo
724 3495 875 3556 tribuitur.
916 3459 1044 3576 Monet,
1088 3465 1142 3554 ne'
1157 3494 1224 3576 quis

142 3601 255 3666 iniuste
276 3610 370 3686 agat,
393 3620 486 3681 quum
509 3619 552 3664 ex
573 3602 683 3662 arbore
705 3600 874 3663 iniustitiae
897 3598 1004 3702 dulces
1025 3600 1223 3664 fructuscol-

143 3713 195 3794 ligi
216 3710 433 3792 nonpossint.
475 3710 565 3772 Dixit
585 3720 679 3802 poeta

144 3857 208 3955 cz
228 3844 373 3956 az}
395 3870 416 3936 l
437 3842 536 3962 aba
557 3846 637 3978 ὡς
662 3845 704 3957 32
729 3843 847 3956 egos
861 3829 976 3973 jot·
996 3843 1057 3967 ‚323
1079 3840 1158 3966 cjsj
1184 3852 1229 3995 ⁸³!

144 4043 271 4129 „Quum
292 4041 524 4110 uiruminiuria
545 4041 667 4130 allicis,
696 4047 763 4108 eius
788 4046 978 4108 inimicitiam
1000 4034 1125 4105 cavel“
1165 4041 1225 4121 Qui

183 4154 292 4234 spinas
313 4156 399 4238 serit,
421 4155 522 4216 exiis
544 4171 625 4217 uvas
644 4163 706 4215 non
728 4147 892 4234 colliget“
934 4151 1142 4213 Proverbium
1166 4149 1227 4226 he-

184 4259 373 4324 mistibhium
394 4263 484 4324 metri
504 4258 657 4338 Redjes
680 4270 737 4323 est.
760 4259 842 4322 cous.
862 4258 927 4318 libr.
949 4275 1052 4320 meum
1072 4276 1102 4337 p.
1122 4253 1194 4318 Ἀθ.
