3026 4942
129 850 211 919 222.
263 837 433 916 Camelos
460 836 732 926 administravi,
772 857 810 911 et
844 836 1021 912 manlius
1063 839 1219 914 admini-

269 967 413 1040 stravit.

130 1125 441 1189 Verbahaccmulier
449 1123 572 1184 dixisse
581 1130 735 1204 narratur,
742 1139 823 1202 quae
830 1121 963 1202 primum
972 1124 1102 1188 aliorum
1111 1144 1224 1188 came-

130 1237 178 1296 los
190 1233 356 1316 pascebat,
364 1232 507 1312 tumipsa
516 1227 861 1310 camelospossidebat.
882 1229 968 1291 Fieri
976 1241 1094 1317 potest,
1105 1245 1138 1297 ut
1146 1254 1224 1316 pro·
1317 1213 1321 1218 ⁴

131 1342 233 1404 vorbii
254 1358 368 1402 sensus
389 1341 432 1400 sit
452 1338 536 1400 conf.
558 1336 596 1398 C.
617 1337 671 1419 21,
699 1336 757 1398 59.
781 1338 827 1400 Sc
848 1339 1077 1418 experientiam
1106 1342 1224 1406 habere

133 1457 166 1508 et
187 1447 332 1510 dominae
353 1454 386 1508 ct
407 1463 543 1525 servae,
565 1452 620 1505 aut
643 1444 802 1506 fortunam
815 1445 1026 1510 conditionem
1042 1466 1133 1512 suam
1155 1472 1227 1515 mu-

135 1955 237 2027 223:
276 1947 338 2020 Tu
363 1973 462 2021 unus
488 1973 534 2020 ex
560 1949 603 2020 iis
630 1973 686 2039 as,
727 1950 793 2046 qui
827 1950 1011 2023 matutino
1047 1953 1132 2026 cibo
1159 1979 1229 2025 ex-

270 2076 370 2172 cepti
397 2090 433 2146 et
460 2091 541 2146 tum
567 2072 702 2147 dimissi
730 2090 829 2146 sunt.

219 2254 256 2312 ln
277 2249 414 2334 legendo
435 2250 603 2330 proverbio
625 2249 756 2310 codices
785 2270 847 2310 non
876 2251 1001 2312 omnino
1023 2256 1232 2338 consentiunt.

139 2357 454 2422 Codexmeushabet
487 2349 582 2446 &Aa
605 2351 758 2417 ›inutritus
788 2356 867 2416 fuito
890 2355 982 2419 codd.
1011 2360 1049 2422 L.
1071 2363 1109 2424 Β.
1140 2376 1233 2452 ύὼι,

140 2464 230 2544 „cibo
251 2482 403 2544 matutino
426 2482 551 2543 cibatus
579 2479 658 2541 fuito
690 2479 760 2540 cod.
782 2479 1006 2544 Pocockianus
1030 2488 1094 2553 tuf,
1116 2489 1234 2552 „Mane

140 2609 256 2670 venito
296 2581 337 2668 *ln
360 2604 430 2667 cod.
458 2606 661 2668 Pocockiano
690 2607 720 2666 in
749 2607 892 2688 margine
923 2607 1146 2673 Schultonsius
1173 2614 1235 2675 ad·

142 2739 286 2824 scripsit*
311 2739 456 2803 codicem
487 2739 547 2800 194
574 2737 693 2800 habero
719 2721 825 2828 &3⁵7
840 2742 892 2820 qui
906 2742 1236 2826 estvitiosuslegendi

142 2866 265 2930 modus.
286 2866 450 2928 Proverbii
471 2882 586 2926 sensus
609 2881 683 2926 esse
705 2865 842 2927 videtur:
878 2870 932 2929 tua
951 2869 1044 2930 nobis
1072 2871 1160 2952 origo
1182 2871 1236 2952 ig-

142 2982 218 3034 nota
239 2981 300 3056 cst,
323 2971 585 3052 quemadmodum
610 2971 852 3053 oius'originem
872 2975 1055 3059 nescimus,
1092 2980 1143 3059 qui
1163 2998 1236 3041 ma-

143 3083 242 3144 tutino
272 3080 342 3142 cibo
372 3088 547 3164 exceptus,
594 3090 626 3142 et
641 3089 717 3144 ¹turn
746 3101 821 3142 mox
850 3081 999 3146 dimissus
1029 3094 1087 3148 est.
1128 3090 1165 3149 In
1195 3109 1239 3151 ,ao

143 3198 270 3253 utuntur
290 3163 478 3269 proveibio‚
516 3191 568 3268 qui
596 3189 796 3271 interrogans
818 3188 938 3252 desua
960 3193 1082 3274 origine
1102 3213 1240 3276 respon-

145 3316 216 3360 sum
236 3305 358 3365 rectum
379 3316 443 3360 nou
464 3297 590 3378 accipit.

148 3717 231 3790 att.
284 3714 347 3787 Tu
372 3717 545 3816 princeps
579 3736 636 3800 es,
669 3689 828 3813 reptidia
860 3717 973 3815 igitur
1011 3731 1054 3808 (o
1087 3717 1242 3816 femma)

246 3857 311 3912 aut
336 3837 571 3942 repudiatam
597 3839 733 3908 iterum
758 3837 913 3940 domum
939 3839 1073 3914 deduc.

231 3991 437 4054 Proverbium
466 3989 635 4070 potcstatis
668 3989 905 4051 confirmandae
933 4007 1131 4054 sarcasmum
1161 4012 1242 4055 con-

149 4102 244 4184 tinet,
273 4119 367 4183 quum
396 4096 561 4180 repudiare
597 4097 628 4158 in
657 4095 794 4160 feminae
823 4107 983 4179 potestate
1009 4103 1144 4182 positum
1182 4123 1244 4164 non

149 4208 201 4270 sit.
242 4206 486 4270 Hemiotichium
520 4205 612 4267 metri
649 4200 778 4270 Camil
806 4205 881 4270 dicti
919 4215 980 4269 ast.
1015 4209 1117 4271 conf.
1150 4211 1169 4270 l.
1202 4227 1243 4270 m.

151 4334 181 4394 p.
216 4314 287 4377 211.

1000 4453 1048 4524 6⁸}
