3044 4938
280 817 366 896 144.
415 816 530 912 Magis
558 816 639 913 pius
666 816 704 884 in
731 827 904 913 parentes
930 835 1044 910 quam
1068 804 1347 880 Alahmellasus.

362 977 458 1037 Hunc
479 984 610 1037 matrem
631 991 722 1034 suam
749 973 887 1033 humoris
912 978 1060 1051 portasse
1086 978 1221 1031 narrant.
1250 968 1378 1030 Meid.

279 1085 420 1146 Narrant
447 1103 590 1166 quoque,
619 1081 752 1144 eundem
778 1088 887 1161 potum
922 1079 1140 1160 vespertinum
1172 1080 1263 1140 matri
1291 1097 1379 1139 suae

280 1193 446 1276 ferentem,
469 1209 561 1273 quum
583 1209 656 1252 eam
677 1190 881 1252 dormientem
897 1187 1084 1268 invenisset,
1107 1206 1210 1269 usque
1231 1186 1272 1248 ad
1291 1205 1380 1267 pos-

280 1309 381 1362 terum
402 1318 494 1362 mane
515 1299 556 1360 ibi
579 1307 805 1378 exspectasse,
828 1295 929 1356 donee
947 1294 1124 1376 evigilaret.
1150 1295 1224 1380 Alii,
1246 1295 1379 1356 Aloh-

280 1407 432 1469 malles
468 1407 531 1486 lupi
568 1424 682 1467 nomen
708 1421 792 1484 esse,
834 1401 1035 1464 contendunt.
1091 1403 1213 1464 Dicitur
1247 1421 1379 1484 quoque

281 1508 389 1600 apati
415 1551 458 1601 0„
482 1519 520 1610 ,pl
544 1513 672 1593 aMagis
694 1511 746 1591 pia
767 1528 860 1592 quam
880 1512 982 1589 lupae
1007 1509 1267 1574 Scharaf-Aldiu.
1290 1514 1379 1574 conf.

282 1641 404 1704 Schult.
426 1658 515 1720 prov.
537 1638 636 1699 Meid.
658 1659 687 1718 p.
710 1638 761 1700 25.

285 2056 369 2126 145.
422 2052 600 2124 Acutiore
634 2054 718 2125 visu
750 2051 960 2154 praeditus,
996 2009 1109 2154 quam
1142 2007 1284 2126 Sarkoe
1309 2051 1382 2126 Al-

423 2201 590 2274 Jemomn.

364 2325 565 2407 Aljamamah
586 2330 709 2412 puellae
730 2351 843 2393 nomen
865 2331 896 2392 in
917 2340 1034 2392 terram
1054 2339 1169 2411 postea
1188 2331 1380 2392 translatum

281 2432 399 2515 fuisse,
422 2433 500 2496 dixit
521 2436 819 2501 Samaohsoharius.
838 2510 841 2518 ι
860 2438 911 2498 De
939 2437 1001 2500 hoo
1029 2438 1158 2498 muliere
1183 2437 1378 2516 interpretes

283 2558 346 2600 non
369 2543 578 2604 consentiunt.
620 2543 821 2625 Aldjahitsus
848 2545 943 2605 filiam
965 2544 1122 2606 Lokmaui
1141 2541 1299 2606 ben-Ahd
1322 2543 1379 2603 fu-

282 2647 354 2732 isse
377 2647 521 2732 tradidit,
554 2670 668 2714 nomen
700 2652 814 2714 Ahnsa
848 2661 1032 2734 gerentem,
1070 2652 1234 2712 caeruleos
1264 2651 1379 2711 oeulos

283 2755 485 2818 habentem·
514 2759 759 2822 Mohammedes
796 2760 998 2836 ben-Habilr
1034 2757 1183 2819 feminam
1223 2777 1241 2817 e
1277 2766 1379 2840 gente

283 2869 312 2929 D
319 2867 433 2947 jadis
464 2871 626 2932 oriundam
647 2873 710 2933 hoc
736 2873 862 2933 nomine
885 2872 1051 2956 appellari,
1083 2870 1180 2953 dixit,
1211 2887 1294 2952 quae
1321 2888 1378 2931 res

284 2977 386 3056 spatio
400 2978 493 3040 trium
509 2977 631 3044 dierum
651 2979 806 3042 distantes
829 2981 928 3042 oeulis
949 2979 1082 3056 videret.
1110 2979 1247 3042 Ilactum
1268 2987 1379 3041 autem

286 3092 346 3165 est,
370 3093 414 3166 ut,
438 3104 533 3167 quum
555 3106 636 3169 gens
657 3089 687 3148 1)
692 3086 804 3167 jadis
824 3089 854 3148 in
875 3094 1004 3170 gentem
1027 3087 1147 3148 'l'hesm
1169 3087 1300 3149 caedem
1322 3088 1378 3148 fe-

285 3193 395 3277 cisset,
425 3201 458 3254 et
477 3194 568 3254 nocis
596 3193 802 3256 ulciscendae
824 3213 924 3258 causa
944 3196 1117 3256 Hassanus
1143 3193 1378 3256 ben-'l'obbah

285 3301 458 3362 exercitum
492 3301 652 3385 misisset,
685 3303 801 3365 femina
836 3305 899 3365 ista
935 3303 1108 3364 exercitum
1137 3303 1230 3363 trium
1258 3299 1378 3361 dierum

285 3407 389 3488 spatio
411 3426 430 3469 a
458 3407 528 3470 loco
551 3410 581 3472 D
586 3407 667 3488 jaw
693 3420 847 3473 remotum
876 3411 1084 3490 conspiceret.
1126 3409 1295 3472 Hassanus
1316 3427 1379 3469 au-

286 3522 350 3575 tem
379 3513 603 3577 advenientem
633 3518 807 3579 exercitum
830 3519 1068 3599 occultaturus,
1098 3516 1265 3599 quemlibet
1292 3514 1378 3576 mili-

285 3630 350 3683 teur
372 3622 514 3684 arborem
536 3632 662 3704 portare
685 3625 833 3708 iusserat,
856 3643 919 3705 qua
941 3624 981 3684 de
1003 3643 1100 3686 causa
1122 3626 1190 3686 suis
1211 3626 1262 3685 illa
1284 3621 1378 3684 dixit·

276 3756 367 3825 ,ρ
393 3729 504 3814 „Aul
526 3736 557 3818 ,l
582 3729 712 3830 ,betti
741 3730 825 3832 ,tall
853 3739 920 3822 ²⁰23
946 3729 1034 3810 p'aO
1048 3750 1130 3814 gens
1145 3724 1231 3794 mea!
1247 3731 1381 3794 veniunt

286 3852 328 3914 ad
356 3873 417 3915 vos
446 3854 577 3916 arbores
605 3865 658 3917 aut
686 3856 874 3936 Himjaritae
896 3855 937 3917 ad
961 3875 1023 3918 vos
1050 3857 1210 3918 veniuute
1255 3856 1377 3935 Quibus

286 3962 393 4023 verbis
415 3981 510 4043 quum
532 3962 627 4024 fidem
649 3986 711 4026 non
732 3965 895 4047 haberent,
922 3965 973 4025 illa
994 3983 1123 4026 versum
1143 3967 1233 4027 metri
1254 3964 1378 4045 Redjes

286 4068 374 4131 dixit.
397 4070 479 4130 conf.
503 4069 627 4134 Schult.
650 4091 738 4152 prov.
760 4070 856 4132 Meid.
879 4094 909 4153 p.
929 4071 981 4134 32.

285 4205 793 4341 fucatas»,
861 4189 1378 4345 Qicsmntjai
