2970 4946
657 387 884 452 ...746-

225 571 321 638 dixit:
340 582 415 638 tune
438 572 532 658 igitur
549 571 578 634 is
600 589 650 653 es,
674 588 768 652 quem
788 569 925 632 laminae
944 569 977 634 in
997 568 1141 633 domibus
1159 569 1318 652 cupienti

224 680 368 762 prolecto
401 677 639 762 pulchritudinis
671 679 799 760 pallium
836 696 856 739 a
885 685 918 739 te
946 671 1104 741 auferam!
1145 681 1320 762 Imperavit

224 795 309 870 tum,
343 798 380 851 ut
409 789 478 850 eins
505 787 638 868 capillus
667 785 859 849 tonderetur.
908 781 961 848 Re
993 785 1082 848 facta
1116 805 1212 870 quum
1245 807 1320 852 eum

224 897 511 978 contemplaretur,
540 893 634 956 dixit:
659 896 786 957 'l'onsus
808 902 843 955 tu
864 893 1023 975 pulchrior
1045 887 1100 956 esl
1122 896 1168 957 At
1189 897 1320 958 iuvenis

224 1003 318 1067 dixit:
349 1002 433 1082 Quid
454 1004 590 1064 crirninis
610 1002 685 1064 milri
713 1003 777 1064 hac
806 1004 838 1064 in
866 1021 901 1062 re
932 997 1007 1064 est'l
1036 1002 1195 1067 0hmarus
1223 1003 1319 1066 dixit:

223 1112 328 1176 Recte
356 1119 389 1172 ιιι
418 1109 539 1190 dixisti3
573 1110 692 1171 crimen
717 1109 792 1173 milri
819 1117 926 1192 esset,
958 1109 986 1170 si
1011 1116 1044 1171 te
1064 1110 1127 1172 hoc
1149 1111 1181 1173 in
1203 1109 1320 1193 oppido

223 1219 442 1301 relinquerem.
483 1219 574 1281 Ilisit
600 1219 694 1300 igitur
721 1237 794 1280 eum
820 1219 958 1280 Basram
985 1225 1019 1278 et
1043 1218 1209 1299 praelecto
1230 1221 1319 1284 urbis

222 1326 447 1408 blodjascbiho
475 1324 711 1389 ben-biasuhd
737 1323 948 1388 Alsolamitae
982 1325 1124 1406 scripsit:
1160 1327 1215 1389 tibi
1242 1327 1319 1390 misi

224 1446 366 1519 optatum
385 1438 532 1499 Naurum
552 1431 808 1514 beu-lladjdjadj
838 1432 1034 1496 Salamitam.
1076 1433 1230 1496 Feminae
1254 1454 1318 1498 au·

224 1555 288 1610 tenr
317 1544 524 1608 Medinensos
553 1565 595 1608 ex
622 1543 692 1606 istis
722 1541 852 1607 0hmari
880 1541 987 1604 verbis
1021 1542 1084 1604 boc
1114 1543 1319 1624 proverbium

222 1655 375 1717 lecerunt
424 1653 609 1716 Hamsahus
641 1660 749 1715 autem
784 1649 883 1732 dixit,
918 1649 1003 1714 illam
1021 1649 1184 1714 ¹feminam
1216 1653 1318 1715 fulsse

223 1763 430 1826 Alkoraiham
461 1760 557 1824 liliam
589 1758 788 1843 flammami,
823 1766 956 1820 matrem
985 1756 1202 1839 Alhadjdjadji
1232 1760 1317 1822 ben·

221 1871 326 1938 Jusuf
347 1878 413 1933 tum
438 1870 590 1952 temporis
618 1875 747 1950 nuptam
773 1866 1002 1948 Almoghiralro
1033 1866 1317 1931 ben-Schahbah.

222 1982 260 2042 In
287 1976 401 2060 oppido
427 1978 534 2039 llazra
560 1983 666 2038 autern
694 1974 820 2036 iuvenis
851 1972 890 2035 ob
923 1972 1146 2036 vehementem
1173 1993 1316 2036 amorem

222 2089 254 2148 in
275 2103 409 2168 gravem
430 2083 573 2146 morbum
595 2080 716 2163 incidit,
731 2090 766 2144 ut
788 2080 945 2142 diceretur
965 2081 1183 2164 proverbium:
1206 2086 1315 2156 „uel

221 2201 341 2295 &uzali
366 2235 409 2285 0⁸·
431 2197 696 2262 ”Vehementiere
717 2198 826 2260 morbo
847 2198 1015 2282 laborans,
1038 2217 1134 2280 quam
1155 2208 1314 2282 optatusne

223 2314 316 2382 Cerri.
345 2315 383 2378 C.
411 2315 511 2398 VIII,
540 2315 590 2377 65.
632 2313 680 2375 Ibi
708 2313 791 2374 enlm
814 2312 914 2395 optati
935 2329 1113 2397 cognomen
1134 2324 1315 2397 acceperat.

221 2425 412 2488 Praefectus
441 2430 546 2485 autem
575 2422 660 2484 urbis
688 2422 728 2484 ob
755 2421 978 2504 cognationem
1006 2422 1156 2486 iuvenem
1177 2424 1316 2507 benigne

222 2533 350 2616 excepit
370 2540 404 2594 et
424 2533 517 2596 uxori
544 2551 625 2595 suae
647 2531 849 2597 Schemailae
870 2531 1006 2593 feminae
1026 2509 1257 2618 pulcherrimae,
1279 2541 1318 2596 ιιι

223 2641 252 2701 ei
273 2639 475 2721 ministraret,
496 2640 630 2703 tradidit
658 2639 793 2720 Utrique
813 2646 919 2702 autern
940 2657 1049 2724 quum,
1067 2659 1140 2703 nam
1162 2642 1241 2702 alter
1263 2641 1317 2703 ul-

222 2748 320 2810 terius
342 2765 450 2810 amore
478 2755 591 2830 captos
619 2756 706 2830 erat,
735 2745 882 2828 loquendi
909 2747 1054 2833 occasio,
1087 2747 1317 2829 Modjasohiho

223 2862 403 2936 praesente,
425 2852 567 2938 deesset,
589 2854 713 2915 iuvenIs
733 2855 763 2915 in
787 2857 857 2918 solo
883 2855 1004 2919 litteras
1026 2855 1178 2939 depinxit,
1202 2857 1315 2939 quibus

223 2961 434 3024 conditionem
469 2961 564 3024 animi
601 2961 718 3023 femina
752 2971 965 3044 cognosceret
1006 2970 1039 3025 et
1085 2963 1202 3054 femina
1233 2963 1314 3026 sub-

221 3071 366 3152 scripsit:
389 3072 441 3160 lii,
464 3079 503 3134 et
523 3089 609 3154 ego.
649 3069 858 3155 Quoogquum
877 3077 1062 3157 praefectus
1081 3078 1217 3162 videret,
1240 3077 1315 3162 quaid

220 3185 347 3249 iuvenIs
368 3188 553 3266 scripsisset
573 3197 606 3251 et
627 3188 700 3270 quid
720 3189 790 3270 ipsa
811 3191 1068 3277 subscripsisset,
1089 3193 1238 3257 feminam
1259 3195 1314 3256 in-

220 3295 406 3375 terrogavit.
437 3295 590 3357 Ileminae
607 3313 797 3377 responsum
815 3317 908 3381 quum
929 3300 990 3382 ipsi
1010 3321 1073 3363 uon
1096 3303 1313 3387 satIsfaceret,

222 3419 353 3464 servum
374 3401 549 3482 scripturae
569 3420 703 3486 gnarum
724 3404 906 3470 advocavit.
942 3407 994 3470 Re
1014 3409 1143 3490 cognita
1163 3410 1313 3474 iuvenem

223 3527 302 3574 ase
322 3509 401 3572 foris
428 3509 599 3592 ablegavit.
642 3513 706 3574 Hie
736 3521 842 3578 autem
867 3514 906 3577 ob
934 3535 1111 3580 moerorem
1140 3526 1260 3582 tantum
1281 3520 1314 3582 in

224 3619 367 3683 morbum
386 3617 512 3701 incidit,
534 3627 571 3681 ut
591 3621 694 3703 aliquo
716 3631 859 3702 ternpore
879 3632 956 3705 post
975 3627 1100 3706 periret

226 3985 304 4054 105.
356 3979 538 4053 Minorem
578 3957 774 4056 utilitatem
809 3979 997 4076 adserens,
1036 4013 1149 4088 quam
1183 3984 1237 4060 sal
1271 3989 1309 4061 in

363 4105 471 4182 aqua.

303 4207 342 4267 ln
362 4226 436 4269 eum
458 4207 586 4291 dicitur,
615 4209 646 4272 in
670 4227 736 4290 ·quo
756 4208 798 4269 nil
818 4209 960 4274 utilitatis
981 4219 1050 4296 est,
1079 4212 1205 4296 quando
1224 4212 1311 4278 onim

222 4317 271 4380 sal
291 4316 322 4378 in
343 4333 456 4396 aquam
476 4317 662 4401 immittitur,
683 4317 886 4404 dIssolvitur,
914 4327 950 4382 ut
970 4320 1013 4382 nil
1031 4329 1141 4384 restet.
