3044 4938
600 353 647 426 ἱ-
690 323 831 384 18³-

177 513 257 583 119.
310 507 422 605 Digiti
446 529 589 593 manus,
616 506 753 604 quibus
779 503 976 578 brachium
1001 529 1079 576 non
1105 519 1169 575 est.

255 656 291 715 In
313 674 364 738 eo,
386 655 437 736 qui
458 656 504 715 rei
524 653 735 734 perficiendae
755 653 951 733 propositum
972 651 1085 744 habet,
1115 652 1174 712 sed
1202 672 1262 732 po-

174 769 290 823 testate
312 770 410 844 caret,
432 760 606 822 adhibetur.
648 760 854 822 Proverbium
882 758 926 834 nd⁵
951 767 1084 822 metrum
1107 757 1263 837 Rcdjcs

174 867 280 930 referri
301 877 416 949 potest.

447 1011 535 1057 a..
594 1036 633 1058 n
648 1039 665 1056 ,
710 1010 728 1043 c
775 1037 790 1056 ,
843 1037 884 1058 η

430 1059 544 1197 elsi
582 1057 662 1182 alb
699 1026 791 1212 {dh
828 1015 922 1196 ,all
991 1078 1032 1156 tt

177 1266 256 1332 120.
308 1257 468 1331 Fructus
500 1255 659 1358 protulit
688 1256 802 1330 arbor
827 1257 902 1372 θῶ
927 1255 1130 1360 appellata,
1168 1287 1264 1360 quae

308 1384 354 1456 ab
388 1381 610 1457 animalcula
635 1393 710 1483 ³⁵5*
735 1399 922 1485 occupata
948 1399 1037 1458 erat.

255 1537 291 1596 ln
313 1557 350 1597 eo
372 1535 547 1619 adhibetur,
570 1536 659 1596 ouius
686 1555 764 1615 opes
794 1544 976 1617 creverunt,
997 1545 1166 1617 postquam
1187 1552 1263 1612 par·

172 1661 235 1703 vac
256 1642 396 1727 fuerant,
419 1651 453 1704 ut
475 1642 641 1705 commoda
660 1644 729 1704 vita
750 1643 881 1703 fruatur.
923 1639 1003 1702 Illud
1028 1641 1180 1704 Sorfah
1202 1662 1263 1722 ap-

171 1747 321 1829 pellatum
348 1750 567 1812 animalculum
596 1750 724 1810 domum
752 1747 936 1830 quadratam
964 1769 1006 1810 ex
1032 1749 1126 1832 lignis
1154 1750 1263 1830 parvis

170 1854 290 1938 glutine
311 1871 369 1916 suo
391 1855 578 1937 compactis,
605 1856 636 1916 in
658 1873 752 1936 quam
773 1855 892 1915 intrans
920 1856 1081 1939 moriatur,
1102 1855 1161 1922 sibi
1183 1875 1262 1918 con-

170 1970 293 2023 struere
314 1961 431 2023 dicitur.
477 1963 520 2023 Et
541 1961 603 2026 hoc
624 1962 824 2042 proverbium
846 1961 886 2023 ad
911 1970 1045 2025 metrum
1068 1963 1185 2025 Sarih
1206 1984 1262 2025 re-

169 2072 253 2131 ferre
273 2069 356 2131 licet.
383 2070 467 2134 conl.
488 2071 554 2132 libr.
575 2090 616 2132 m.
638 2089 668 2151 p.
689 2069 762 2132 246
806 2069 1034 2134 Conf.sohu1t
1054 2091 1143 2151 prov.
1165 2072 1262 2160 Meid,

169 2200 199 2259 p.
220 2177 271 2244 30.

312 2321 473 2509 jahiel!
514 2321 1019 2482 batoeiitetss}
1095 2374 1132 2452 in

174 2581 252 2646 tat.
306 2571 399 2646 Alba
407 2603 419 2659 3
446 2600 523 2647 nox
549 2576 710 2648 obscura
735 2579 813 2650 eius
842 2574 1049 2650 albedinem
1074 2603 1151 2649 non
1178 2576 1264 2648 red·-

303 2697 358 2771 dit
383 2704 537 2798 nigram.

253 2852 288 2910 ln
313 2851 416 2934 virum
446 2850 622 2931 celebrem,
653 2851 741 2910 cuius
770 2850 872 2931 gloria
900 2847 983 2908 nullo
1012 2848 1106 2909 modo
1136 2847 1262 2910 diminui

169 2965 292 3040 potest,
316 2956 437 3019 dicitur.
481 2956 562 3017 Sunt
591 2963 717 3040 autem,
746 2956 798 3037 qui
826 2972 941 3018 vocem
963 2953 1073 3042 „tha
1102 2955 1166 3018 hoc
1191 2958 1261 3020 loco

167 3082 324 3164 plantam,
354 3084 443 3142 cuius
482 3097 581 3141 succo
610 3082 768 3164 tingatur,
807 3081 989 3165 significare
1025 3081 1139 3145 dicant.
1196 3085 1262 3146 Sed

168 3207 261 3270 quum
282 3190 474 3251 vocabulum
498 3193 565 3271 [qo
581 3190 620 3250 de
641 3190 744 3251 noetis
767 3191 959 3252 obscuritate
974 3190 1173 3277 adhibeatur,
1195 3213 1261 3258 vc·

168 3312 279 3373 cabulo
301 3308 384 3412 ,lh
406 3314 529 3375 anoctis
551 3315 726 3377 obscurae«
756 3318 945 3399 significatio
971 3319 1076 3398 potius
1099 3320 1262 3383 tribuenda

167 3434 299 3497 videtur.
342 3435 538 3498 Femiainum
559 3437 699 3500 indicare
722 3441 857 3527 videtur,
879 3443 978 3504 verba
999 3446 1124 3528 proprie
1147 3447 1259 3508 mulie-

166 3546 210 3606 ris
231 3543 356 3606 laudem
379 3545 549 3606 continere.
577 3547 750 3608 Proverbio
773 3557 906 3610 metrum
928 3549 1013 3614 Red
1017 3551 1085 3632 jes
1109 3562 1167 3616 est.

452 3694 549 3740 ῧσιν)
592 3705 691 3742 ,θὶθί
728 3719 744 3741 ν

425 3741 549 3855 „ala
586 3783 695 3867 aaa,
720 3783 793 3904 5⁹⁴:
826 3712 910 3898 {oli
981 3744 1028 3839 lll‘

169 3965 249 4034 122.
277 3959 406 4034 Vende
422 3960 651 4064 dignitatem,
669 3926 776 4037 cuius
793 3963 907 4038 facies
925 3963 1008 4039 velo
1028 3962 1179 4039 obtecta
1193 3985 1258 4040 est.

249 4135 359 4199 Voces
380 4166 453 4238 ,up
481 4113 564 4240 {pha
596 4139 678 4202 idem
702 4139 895 4222 significant,
918 4141 1002 4220 quod
1034 4147 1090 4245 ψ
1114 4171 1150 4248 δ
1179 4145 1198 4203 i.
1230 4161 1258 4202 e.

169 4256 299 4318 vende
332 4259 578 4341 dignitatem
608 4265 667 4324 ita
696 4265 972 4326 constitutam
1003 4267 1020 4326 i.
1048 4279 1196 4346 canaque
1219 4265 1259 4326 ad
