2996 4928
561 315 790 380 „609-

212 500 387 564 Proverbio
415 508 550 562 metrum
578 499 701 580 Redjes
729 508 790 562 est.
831 498 924 566 Cous.
944 502 1011 566 libr.
1031 521 1072 565 ιιι.
1093 523 1123 584 p.
1143 501 1217 590 230

128 609 295 672 Rakasehi
322 608 388 682 (sio
415 611 498 672 enim
529 629 596 674 vox
624 606 821 671 enuncianda
848 613 916 683 est)
943 611 1080 672 feminae
1105 631 1220 676 nomen

129 725 191 778 est.
222 716 429 779 Proverbium
455 715 611 778 beneficia
641 714 804 779 beneficiis
833 717 999 854 pensanda
1020 737 1095 780 esse
1116 717 1220 782 dooet.

324 837 624 1022 3οᾍ500
599 847 747 1039 tutati·
768 853 923 982 wat
995 901 1041 983 rr

4 1077 7 1116 ³
129 1089 187 1156 23.
239 1081 405 1153 Currunt
432 1077 560 1154 cameli
594 1079 688 1183 pulli
718 1080 892 1156 ablactati
917 1097 953 1156 et
980 1082 1051 1184 ipsi
1078 1099 1220 1186 pustu-

241 1205 285 1280 lis
312 1205 403 1280 albis
427 1205 654 1281 laborantes.

208 1333 383 1396 Proverbio
405 1341 541 1396 metrum
565 1333 660 1396 Sarih
681 1343 740 1396 est.
766 1333 860 1398 Conf.
881 1334 948 1396 libr.
967 1313 1074 1397 nieum
1094 1357 1126 1417 p.
1146 1335 1219 1402 246.

124 1443 259 1525 Legitur
282 1462 407 1526 quoque
428 1443 543 1544 &ioli
558 1461 649 1535 &³²7
673 1461 767 1524 quam
787 1460 904 1504 vocem
919 1443 1048 1505 alterius
1071 1444 1219 1505 deminu-

122 1566 182 1628 tivi
204 1568 338 1629 formam
359 1585 433 1628 esso
453 1575 539 1648 puto.
568 1567 625 1628 sio
645 1585 772 1647 quoque
793 1565 825 1626 in
848 1564 1106 1628 Samaohsoharii
1122 1585 1219 1646 opere

123 1674 247 1756 legitur.
280 1673 415 1752 Quando
431 1671 543 1734 cameli
558 1673 642 1757 pulli,
665 1673 716 1754 qui
739 1672 808 1735 sani
822 1682 911 1754 sunt,
927 1681 1066 1756 currunt,
1082 1673 1144 1734 hoo
1161 1673 1218 1734 vi-

95 1847 100 1859 !
124 1781 239 1842 dentes
259 1783 345 1864 pulli,
363 1781 413 1862 qui
432 1780 568 1862 pustulis
589 1781 668 1842 albis
682 1779 838 1863 laborant,
858 1781 928 1841 illos
942 1797 1039 1843 sanos
1058 1767 1218 1842 imitantes

124 1899 267 1971 currunt3
290 1889 349 1951 sed
367 1890 487 1951 viribus
510 1888 551 1950 ad
568 1887 755 1950 currendum
771 1889 964 1950 necessariis
984 1887 1125 1949 destituti
1138 1906 1218 1969 pro-

124 1996 239 2059 cidunt.
259 1998 311 2058 De
332 2016 371 2058 eo
394 1997 517 2080 dieitur,
541 1998 592 2079 qui
614 2013 685 2058 enm
708 2015 748 2057 eo
770 2015 950 2059 semronem
972 1995 1108 2077 confert,
1131 2013 1216 2077 quo-

123 2123 196 2167 oum
226 2125 349 2168 summa
377 2104 530 2187 dignitate
565 2103 707 2186 praedito
742 2121 850 2167 eoram
879 2104 989 2166 verba.
1014 2103 1124 2164 facere
1152 2123 1216 2166 non

123 2214 226 2275 decet.
254 2212 351 2276 Meid.
379 2213 447 2274 vel
474 2211 581 2294 potius
611 2211 650 2274 de
683 2231 722 2274 eo
730 2255 741 2295 ,
777 2213 829 2293 qui
857 2230 938 2273 suae
960 2210 1131 2273 conditioni
1152 2229 1215 2272 non

123 2320 364 2383 convenientem
385 2339 451 2381 rem
472 2319 550 2401 agit.
572 2318 853 2382 Soharaf-Aldin.
880 2318 963 2383 conf.
984 2318 1089 2380 Haris.
1111 2334 1141 2400 p.
1163 2317 1215 2380 40.

122 2429 223 2492 sohel.
244 2436 278 2491 et
297 2427 369 2492 413.
391 2434 469 2492 text.

440 2536 797 2727 ..000
869 2579 914 2668 r

120 2773 179 2846 24.
231 2773 360 2874 Lupus
392 2769 467 2845 loci
504 2771 670 2858 arenosi,
708 2771 746 2841 in
781 2795 860 2869 quo
893 2767 1046 2843 arbores
1079 2769 1214 2844 Gadha

234 2896 442 3000 appellatae
467 2911 566 2969 sunt.

201 3023 376 3088 Proverbio
398 3026 511 3088 eadem
537 3024 618 3087 ratio
646 3031 714 3104 est,
744 3037 839 3101 quam
864 3019 954 3084 alteri
975 3023 1082 3095 ml
1114 3045 1212 3115 ⁹⁵⁴0

121 3129 214 3192 Cous.
237 3127 407 3211 0.1x,8

118 3480 176 3548 05.
229 3473 432 3574 Pinguefac
459 3499 589 3548 canem
614 3489 742 3562 tuum,
773 3489 811 3546 te
836 3471 996 3546 vorabit.

201 3600 294 3664 eonr.
318 3600 354 3663 C.
375 3603 432 3684 111,
458 3600 526 3662 127.
549 3600 683 3682 liegitur
705 3617 831 3680 quoque
851 3603 957 3701 ψῃ
980 3617 1095 3662 sensus
1116 3596 1208 3658 idem.

116 3729 268 3790 Hasinrus
291 3729 673 3792 ben-Alnbd-Almondsir
691 3728 894 3790 Alhammani
912 3728 953 3790 ad
972 3734 1082 3790 eastra
1102 3724 1208 3785 Ham-

117 3835 299 3898 danidarum
327 3836 485 3898 transiens
514 3837 545 3897 in
572 3837 683 3898 fasciis
714 3835 888 3897 involutum
916 3833 1038 3895 invenit
1066 3847 1206 3912 puerum,

117 3963 211 4025 quem
239 3942 457 4006 misericordia
489 3951 667 4006 commotus
699 3960 810 4004 seeum
837 3943 867 4003 in
896 3959 979 4021 equo
1008 3936 1147 4019 portavit
1174 3944 1207 3998 et

115 4070 232 4114 servae
262 4047 460 4112 nutriendum
488 4048 583 4111 dedit.
628 4049 735 4128 Quum
763 4050 815 4110 ille
842 4066 923 4128 puer
950 4043 1078 4106 adultus
1106 4052 1204 4128 esset,

116 4160 146 4221 ei
171 4155 325 4224 Hasimus
352 4159 494 4220 eamelos
528 4175 670 4237 ovesque
696 4153 876 4237 pascendos
908 4150 1034 4212 tradidit
1062 4158 1094 4212 et
1121 4141 1207 4233 Djo-

114 4266 239 4328 huisohi
265 4285 379 4328 nomen
405 4265 564 4347 imposuit.
606 4264 809 4327 Adolescens
830 4258 962 4342 pulcher
983 4267 1067 4345 erat,
1095 4259 1206 4324 hario-
