2982 4934
691 262 922 326 „370-

262 445 397 506 „Atiima
417 463 489 506 mea
510 448 539 506 oi
561 446 842 509 consilium.fidum
864 444 960 529 dedit,
976 469 1047 512 nam
1065 453 1095 512 iu
1119 454 1351 518 calamitatibus

301 555 374 616 odia
395 561 622 616 ovanesouut.o

341 666 480 746 Mettum
501 633 618 724 vorsus
642 663 772 724 Camil
794 664 983 744 appellatum
1005 674 1065 724 ost.
1109 666 1201 728 Conl.
1224 670 1287 730 libr.
1309 692 1350 732 m.

256 797 285 857 p.
308 777 379 837 212.

471 880 570 1035 bjtt
601 911 629 1005 a
664 878 834 1027 t‘sQ
872 878 1023 1053 ..ἐμὲ
1077 965 1122 1014 Λ.

255 1088 313 1155 87.
365 1080 510 1153 Avidus
535 1079 601 1152 tibi
632 1092 799 1166 venatur,
823 1106 899 1150 non
927 1105 1135 1179 generosus.
1190 1133 1192 1138 -
1275 1129 1281 1138 -

336 1209 537 1271 Vocabulum
565 1207 693 1290 &abano
719 1213 771 1267 est
792 1225 849 1287 pro
877 1207 923 1276 oo
948 1223 1061 1275 m.
1105 1207 1165 1286 Qui
1198 1213 1244 1272 roi
1273 1221 1345 1278 tuae

253 1329 385 1410 cupidus
408 1336 441 1388 ot
462 1327 577 1390 avidus
600 1335 661 1409 ost,
683 1346 756 1408 non,
787 1327 839 1407 qui
860 1328 904 1388 rei
926 1345 982 1407 par
1004 1339 1065 1412 ost,
1089 1330 1161 1392 dum
1183 1334 1345 1414 tuioupi-

252 1437 311 1500 dus
333 1457 396 1498 nou
419 1444 481 1518 ost,
502 1436 546 1496 roi
568 1443 642 1498 tuae
664 1453 791 1515 oporam
813 1443 920 1496 navat.
949 1435 1041 1498 Conf.
1066 1436 1103 1500 C.
1125 1439 1250 1522 ΧΧΙΠ,
1273 1442 1346 1502 404.

251 1547 333 1624 ΧΠ,
351 1541 401 1606 43.
432 1543 467 1604 lu
490 1561 561 1604 oum
584 1541 717 1622 quadrat
737 1537 948 1624 provorbium,
972 1545 1026 1624 qui
1047 1545 1207 1628 mandato,
1228 1556 1262 1608 ut
1283 1566 1345 1610 ou-

249 1672 316 1714 ram
338 1654 383 1714 tui
406 1636 542 1719 habea-t(
563 1667 674 1711 oararo
694 1659 813 1731 potest,
839 1649 926 1730 quod
947 1649 987 1711 de
1008 1659 1042 1712 to
1063 1654 1201 1716 maxime
1222 1657 1344 1717 sollici-

215 1741 218 1748 Ι
248 1771 299 1822 tus
327 1771 387 1820 est.

245 2108 303 2212 88.
355 2101 472 2174 Narra
499 2102 546 2173 de
571 2099 728 2176 Mahno!
756 2115 790 2172 et
816 2127 863 2172 ne
890 2104 927 2173 in
954 2105 1158 2201 angustiam
1192 2106 1339 2206 redige!

327 2230 468 2291 Maltnus
493 2230 575 2290 beu·
557 2227 710 2308 -Sajidah
738 2227 819 2289 beu·
821 2227 937 2288 A-hbd
938 2229 1053 2290 Allah-
1055 2230 1262 2294 Schaibauita
1289 2235 1339 2298 vir

244 2299 434 2400 liberalitato
464 2339 568 2399 clarus
596 2346 681 2418 erat
715 2346 750 2398 ut
781 2338 848 2398 eius
878 2337 1085 2398 liberalitas
1078 2357 1107 2398 ut
1135 2340 1337 2420 proverbium

242 2447 373 2506 veniret.
417 2447 625 2508 Proverbium
647 2445 764 2506 hortari
784 2443 926 2522 videtur,
954 2453 990 2505 ut
1010 2445 1119 2506 Maltni
1136 2447 1258 2541 ,agundi
1279 2467 1338 2510 ra-

242 2555 357 2616 tionem
379 2556 543 2617 imitemur.

237 2903 296 2973 89.
347 2902 488 2972 Iuravit
512 2925 581 3000 per
606 2899 752 2971 coelum
778 2913 814 2969 et
839 2897 991 2971 stellam.

319 3023 526 3085 Alazmaihua
550 3019 640 3104 dicit,
663 3023 821 3084 vocabulo
841 3026 919 3093 :lm
948 3024 1104 3084 ooolum
1126 3024 1178 3086 hic
1199 3028 1331 3131 pluvi-

235 3139 311 3202 am,
334 3122 490 3185 vocabulo
516 3124 613 3234 ὀμ)
639 3133 759 3185 noctu
785 3123 951 3184 ueniens
972 3121 1024 3185 hio
1044 3127 1203 3188 stellam
1225 3124 1329 3210 signi-

234 3224 339 3306 lioari,
361 3224 446 3304 quod
467 3236 563 3288 noctu
585 3225 713 3286 oriatur.

514 3359 798 3556 albgis.

231 3602 290 3672 90.
343 3545 483 3669 luoavit
510 3622 578 3698 per
603 3595 773 3670 tenebras
801 3609 836 3666 et
864 3596 1000 3668 lunam

226 3745 229 3780 z
288 3725 521 3787 ·Alazmiiil1us
542 3723 638 3805 dixit,
660 3725 807 3786 vocabuli
827 3761 933 3820 Γ...
960 3723 1228 3805 signifieatiouom
1250 3743 1327 3788 assa

228 3828 444 3908 tenebrae,
471 3825 554 3909 quod
581 3836 698 3888 noctu
691 3827 831 3889 Asabon
853 3829 1088 3892 confabulatum
1109 3830 1323 3892 convenirent.

311 4119 314 4126 .
463 3945 1198 4156 4888333ἕὲ

225 4198 282 4267 ou
304 4195 478 4292 ¹Firmum
495 4199 605 4270 animi
625 4193 791 4270 studium
806 4208 859 4270 ost
875 4219 993 4295 prava
1015 4195 1062 4272 de
1081 4198 1161 4275 'aliis
1180 4200 1318 4299 opinio.
