2970 4946
638 249 972 366 ⁸-r1‘a-·

250 482 300 546 sic
319 479 474 546 narravit:
495 481 635 545 Anabem
650 488 861 564 campestrem
882 479 1013 544 camelis
1033 481 1101 544 suis
1122 497 1241 564 magno
1263 498 1346 562 pre-

252 592 296 652 tio
322 590 458 668 venditis
479 589 569 652 'inter
597 587 771 671 oppidanos
803 590 908 650 locum
935 587 1060 650 fixerat.
1107 588 1214 650 Vicini
1243 606 1345 669 quum

252 697 320 760 eius
342 695 532 779 opulentiam
559 695 807 777 cognovissent,
835 695 867 756 in
895 693 1124 756 matrimonium
1149 694 1180 754 ei
1200 694 1345 774 pueliam

251 802 445 883 obtulerunt,
477 809 514 863 ut
547 801 716 864 occasione
755 800 859 864 oblata
898 800 967 862 eius
1006 799 1123 862 divitiis
1154 801 1349 889 potirentur,

250 909 373 994 Arabs,
401 907 476 992 quid
505 909 567 970 doli
593 909 624 970 in
651 927 686 970 re
717 916 824 992 esset,
857 927 920 970 non
948 906 1062 969 videns
1091 906 1250 968 desiderio
1280 927 1344 970 eo-

251 1037 321 1081 rum
350 1017 517 1080 satisfecit.
564 1018 614 1078 lili
646 1017 742 1102 igitur
776 1015 876 1098 epuiis
907 1015 1070 1078 instructis
1100 1015 1200 1077 Arabi
1228 1017 1345 1098 splen-

250 1112 332 1188 didis
352 1123 497 1187 vestibus
526 1131 635 1187 ornato
662 1123 796 1205 primum
825 1123 932 1184 iocum
962 1121 1125 1184 dederunt.
1169 1122 1230 1186 Cui
1257 1141 1345 1204 quo-

251 1248 314 1312 que
340 1248 436 1311 quum
464 1227 654 1292 thuribulum
681 1229 942 1312 supposuissent,
973 1247 1164 1310 quamquam
1190 1229 1345 1311 pudenda

251 1356 312 1401 sua
347 1337 479 1399 cremari
514 1337 661 1420 sentiret,
695 1344 800 1398 tamen
834 1335 954 1416 pudore
988 1344 1130 1398 retentus
1165 1337 1207 1400 nil
1244 1337 1343 1419 dixit3

252 1443 312 1508 sed
334 1445 432 1528 epuiis
454 1443 548 1508 flnitis
577 1444 619 1507 ad
645 1462 721 1506 suos
744 1445 775 1506 in
803 1461 950 1525 campum
972 1441 1075 1505 omnia
1098 1444 1263 1526 oppidanis
1283 1465 1343 1508 re-

251 1549 395 1632 linquens
416 1549 515 1612 rediit
544 1549 620 1612 Suis
641 1558 748 1612 autem
770 1569 837 1612 rem
859 1567 954 1631 quum
979 1556 1154 1632 narrasset,
1177 1549 1343 1614 dixerunt:

253 1640 344 1752 8523!
369 1665 445 1748 ray]
468 1654 527 1742 „J
552 1659 634 1730 mi
665 1653 796 1719 nPodex
822 1656 864 1719 ad
888 1655 1080 1718 thuribulum
1102 1655 1256 1720 adsuetus
1276 1677 1343 1720 non

253 1779 331 1842 suita
353 1799 436 1862 quae
457 1800 584 1863 quoque
604 1780 704 1844 verba
724 1779 755 1843 in
775 1779 934 1864 proverbii
955 1779 1214 1844 consuetudinem
1233 1801 1342 1845 vene-

252 1895 335 1971 runt,
355 1895 390 1949 et
409 1887 440 1949 in
461 1906 534 1951 eum
553 1887 752 1974 adhibentur,
774 1890 824 1952 cui
846 1887 983 1971 dignitas
1003 1895 1101 1952 vetus
1124 1909 1186 1952 non
1207 1898 1268 1953 est.

254 2257 286 2325 5.
339 2248 430 2340 Sile,
457 2277 481 2325 o
506 2249 581 2324 filia
604 2254 757 2331 montis!
789 2251 893 2356 quod
919 2252 1056 2328 dicitur
1082 2253 1125 2328 tu
1150 2253 1253 2332 dicis.

334 2376 415 2440 Filia
435 2379 550 2442 montis
572 2380 724 2444 echous
746 2399 925 2465 cognomen
948 2389 1008 2445 est.
1049 2376 1137 2445 Idem
1158 2401 1338 2466 cognomen

251 2480 420 2549 infortunio
442 2486 550 2550 datum
572 2497 635 2572 est,
662 2506 682 2551 a
702 2499 850 2570 serpente
869 2491 900 2551 in
921 2489 1126 2555 infortunium
1143 2493 1338 2556 translatum.

251 2591 458 2657 Proverbium
494 2595 526 2656 in
559 2596 656 2658 vilem
690 2596 875 2681 adhibetur,
910 2599 965 2679 qui
995 2600 1074 2662 alios
1108 2601 1272 2683 sequitur,
1303 2609 1339 2664 ut

140 2694 143 2709 ⁴
251 2699 343 2764 Echo
363 2701 485 2762 nonnisi
512 2703 642 2786 repetit,
670 2720 754 2783 qnae
782 2703 864 2766 alius
885 2703 973 2770 dixit.
1014 2708 1051 2768 1n
1073 2707 1340 2771 Sabarai-Aldini

251 2815 285 2869 et
304 2807 572 2872 Samochscharii'
589 2809 736 2891 operibus
761 2810 893 2893 legitur:
922 2811 1010 2902 Q
1033 2802 1117 2900 μὶ
1141 2821 1221 2900 ’πυρὶ
1247 2815 1338 2890 ,aa-ii

250 2938 314 3018 μζ
335 2938 394 3017 pap
416 2931 585 2994 ”Tulicho
607 2951 655 3017 es,
677 2934 762 3016 quod
782 2934 894 2998 dicitur
915 2945 950 2998 tu
973 2935 1081 3000 dicis«
1102 2939 1155 3002 De
1174 2939 1340 3002 obtrecta-

189 3021 199 3040 “
251 3040 320 3095 tore
340 3032 465 3113 dicitur,
487 3033 539 3112 qui
558 3033 681 3094 nonnisi
702 3035 833 3096 aliorum
852 3035 953 3097 verba
973 3035 1097 3119 repetit.

576 3161 686 3199 Ηαθ)
807 3177 829 3198 e
848 3161 863 3198 ὃ
878 3167 894 3200 0
905 3175 925 3200 e

573 3219 690 3340 υἰέ·
725 3195 754 3292 i
788 3201 937 3314 acopo
1007 3216 1026 3300 i

250 3360 285 3435 6.
336 3357 480 3432 Praeda
505 3375 570 3433 tua
595 3377 668 3448 est3
704 3362 751 3434 nb
777 3387 821 3434 ea
844 3387 923 3437 non
947 3363 1145 3466 impediris.

331 3486 411 3548 Viro
433 3484 566 3572 dicitur,
593 3487 646 3567 qui
666 3486 826 3576 vindictae
847 3488 981 3572 cupidus
1004 3499 1072 3574 est,
1102 3489 1143 3554 ad
1163 3511 1237 3554 eum
1257 3492 1338 3558 hor-

250 3593 388 3680 tandum,
411 3602 447 3656 ut
468 3595 640 3656 occasione
661 3603 780 3678 utatur,
805 3594 880 3660 dum
900 3599 979 3659 alter
1000 3617 1064 3660 non
1085 3605 1190 3661 cavet.
1232 3600 1338 3684 Legi-

249 3735 300 3790 tur
321 3745 461 3811 quoquc:
483 3732 570 3826 „ff”
597 3727 655 3812 „i
680 3731 726 3856 02
745 3704 859 3814 «5422»ss
885 3729 1068 3794 »Praedam
1088 3739 1176 3795 tuam
1202 3732 1336 3820 (cape),

249 3876 279 3940 si
309 3879 365 3942 tibi
391 3877 557 3941 interdicta
588 3896 652 3940 non
682 3888 734 3942 est
760 3879 781 3944 i.
809 3899 838 3942 a.
866 3899 907 3947 aa
938 3881 1142 3946 occasionem
1171 3876 1336 3949 omittastn

243 3985 495 4086 §mombar
