3004 4926
704 339 931 404 ...544-

354 522 522 588 Publicaro
543 541 609 588 rom
628 539 690 586 non
710 539 864 606 possum,
893 529 1062 605 propterea
1094 519 1180 605 quod
1205 519 1373 602 publicare

273 627 347 692 mihi
366 628 523 712 ingratum
544 637 604 691 est.
627 628 719 692 Cori.
740 649 787 710 pr.
806 627 857 692 56.

576 772 594 793 a
643 763 687 796 oe
735 762 753 795 ο
843 763 908 794 aua
951 749 998 794 ὕ)

520 796 1115 962 &ammai

273 998 332 1071 62.
384 997 503 1100 Saepe
529 998 647 1070 iactus
673 995 752 1069 sine
776 992 992 1069 iaculatore·

354 1143 391 1207 ld
413 1153 478 1207 est:
501 1145 609 1225 Saepe
629 1145 745 1228 iactus,
768 1146 821 1228 qui
842 1160 977 1228 scopum
998 1145 1136 1238 attingit,
1153 1164 1174 1208 a
1192 1145 1390 1214 iaculatore.

272 1254 350 1316 artis
371 1253 529 1317 iaculaodi
547 1255 657 1336 ignaro
677 1253 896 1334 proficiscitur.
934 1254 1045 1317 Verba
1064 1255 1146 1317 hacc
1167 1251 1370 1318 Athacamus

272 1358 616 1443 ben-Ahbd-Jaghuts
639 1360 829 1451 'Almerdreri
856 1360 943 1424 dixit.
985 1361 1045 1425 Vir
1066 1361 1119 1424 hio
1140 1369 1284 1445 tempore
1305 1381 1369 1426 suo

272 1463 429 1532 iaculandi
458 1477 527 1532 arte
555 1468 680 1553 clarus,
709 1486 745 1531 se
765 1468 892 1532 in-idoli
913 1467 1091 1532 Alahbahbi
1112 1486 1208 1533 sacro
1228 1489 1368 1534 vaccam

221 1647 224 1652 ¹
272 1575 460 1660 silvestrem,
475 1576 577 1639 albam
598 1584 808 1639 mactatumm
829 1595 922 1661 csse,
951 1578 1121 1639 iuraverat.
1163 1579 1242 1661 Die,
1271 1597 1366 1660 quum
1462 1585 1466 1590 “

271 1679 390 1746 trustra
414 1691 567 1746 venatum
596 1683 748 1768 exiisset,
784 1704 910 1748 summa
936 1685 1062 1748 tristitia
1089 1683 1244 1770 affectuS,
1273 1687 1367 1750 rediit

271 1798 305 1855 et
324 1801 454 1874 postero
477 1811 588 1876 mane,
613 1793 642 1855 si
662 1792 725 1855 hoo
745 1793 817 1874 ipso
839 1791 891 1855 die
917 1812 988 1856 cam
1015 1814 1078 1857 non
1104 1803 1301 1878 mactasset,
1329 1814 1366 1858 so

270 1897 600 1966 mortemsubiturum
622 1917 708 1979 esse,
730 1900 799 1961 suis
822 1899 909 1964 dixit.
936 1901 1050 1964 Frater
1072 1901 1141 1963 eius
1157 1902 1365 1984 Alhozainus,

271 2012 306 2068 ut
325 2004 397 2067 loco
418 2020 545 2066 vaccae
562 2004 675 2069 decem
692 2007 837 2096 camelos
857 2015 1025 2092 mactaret,
1047 2008 1158 2070 suasit.
1189 2009 1236 2071 At
1257 2008 1310 2072 ille
1330 2027 1367 2070 se

270 2131 334 2174 non
363 2111 519 2174 facturum
548 2111 674 2173 iuravit.
718 2114 804 2174 'l’um
841 2113 917 2176 abiit
948 2123 1101 2178 venatum
1129 2133 1243 2178 secum
1270 2106 1365 2178 filium

271 2235 381 2302 suum,
404 2218 456 2300 qui
477 2218 579 2297 ipsum
601 2217 694 2280 enixe
714 2227 902 2302 rogaverat,
932 2219 1063 2283 ducens.
1098 2221 1228 2285 Accidit
1247 2233 1365 2306 autern,

271 2311 316 2410 ut,
341 2344 438 2407 quum
458 2334 548 2408 pater
569 2326 618 2388 bis
638 2338 856 2391 occurrentem
874 2345 1010 2392 vaccam
1032 2331 1151 2414 sagitta
1171 2350 1235 2393 non
1256 2331 1367 2394 feriis-

270 2442 342 2518 set,
364 2433 448 2496 filius
470 2443 594 2515 arrepto
616 2453 784 2498 aroucam
806 2435 977 2500 occideret.
1020 2435 1113 2516 Quae
1133 2456 1187 2501 res
1208 2439 1368 2521 proverbii

272 2557 371 2606 causa
392 2549 470 2606 crat.
499 2540 592 2605 Conf.
615 2541 718 2604 Harir.
739 2563 769 2623 p.
793 2543 862 2606 146.

551 2683 661 2804 ait}
694 2676 852 2837 ξιξ
887 2688 1007 2850 (A,
1074 2707 1146 2810 tr'

160 2967 163 2973 .
270 2907 330 2980 63.
380 2906 516 2982 Vectus
542 2923 597 2981 est
623 2905 689 2981 alis
714 2849 1042 3024 struthiocamels

352 3066 389 3128 ln
415 3086 486 3129 eum
516 3065 649 3150 dicitur,
687 3066 740 3150 qui
772 3067 965 3152 diligentiam
991 3069 1022 3131 in
1050 3089 1086 3132 re
1113 3067 1259 3155 adhibet,
1293 3072 1369 3135 sivc

269 3173 349 3255 iuga
369 3173 451 3237 haec
471 3175 514 3237 sit
534 3175 607 3236 sive
629 3174 692 3238 alia
710 3193 772 3238 res.

422 3305 1243 3510 QssffQddt

270 3559 329 3634 64.
381 3557 501 3664 Saepe
534 3563 685 3666 quidam
718 3568 748 3638 it
781 3592 852 3668 pro
878 3524 1029 3640 sedeate
1054 3584 1092 3640 et
1117 3578 1228 3670 saepe
1254 3565 1368 3642 edens

377 3711 455 3762 non
480 3686 622 3765 laudat.

351 3836 518 3902 Proverbii
543 3849 681 3905 metrum
714 3841 862 3908 charis
886 3850 947 3906 est.
990 3843 1082 3908 Ocni.
1111 3839 1178 3909 libr.
1206 3833 1312 3908 mcum
1335 3864 1366 3926 p.

270 3941 342 4006 263.
378 3944 543 4012 Posterior
576 3969 650 4033 pars
682 3972 745 4014 non
781 3953 821 4015 ab
850 3951 1003 4014 ,omnibus
1042 3970 1115 4015 cum
1153 3952 1369 4034 praecedente

273 4051 486 4134 coniungitur,
525 4057 587 4121 *Sic
609 4076 734 4140 quoque
756 4059 1053 4125 Samochscharius.
1094 4059 1305 4126 Proverbium
1327 4062 1367 4124 ab

272 4155 342 4218 aliis
371 4157 603 4244 Alnabeghaho
634 4165 673 4226 ab
711 4163 780 4226 aliis
813 4165 1046 4248 Moahwijjalro
1079 4165 1278 4232 adscribitur.
1320 4169 1369 4231 Illi

273 4283 341 4328 rem
375 4268 424 4330 sic
450 4281 594 4346 narrant:
628 4272 680 4334 Ad
709 4268 941 4339 Alnohmanum
977 4276 1254 4342 ben-Almondsir
1280 4279 1367 4342 Ara·
