2986 4930
705 289 932 354 ...438-

274 733 330 805 43.
382 729 510 805 Puellu
541 730 642 807 domi
675 756 714 804 se
747 733 942 806 continens
979 733 1099 834 proba
1135 737 1265 812 melior·
1295 759 1372 830 est,

386 883 501 959 quam
525 883 621 958 puel'
647 877 796 957 [tfflVUS.

352 985 386 1046 tn
407 983 511 1045 virum
532 983 656 1065 dicitur,
678 979 768 1062 eujus
789 981 874 1043 fame
895 982 1033 1045 obseura
1055 989 1115 1048 est.
1158 985 1218 1048 Vir
1242 988 1370 1050 obscu-

269 1113 326 1158 rus
340 1094 368 1156 ei
382 1090 610 1176 praeferendus
626 1101 688 1175 est,
709 1091 760 1171 qui
777 1089 817 1150 ob
830 1089 1001 1153 malefacte
1014 1091 1045 1152 in
1060 1092 1220 1156 hominum
1233 1115 1289 1159 ore
1302 1109 1368 1162 est.

267 1461 326 1533 44.
376 1458 481 1558 Elige
506 1459 602 1534 inter
628 1459 921 1558 amputationem
946 1474 982 1530 et
1011 1463 1284 1534 castrationem.

348 1589 383 1647 ln
405 1605 478 1647 eum
497 1584 628 1668 dicitur,
651 1583 705 1666 qui
726 1583 757 1646 in
778 1582 857 1646 duas
878 1601 931 1646 res
951 1583 1095 1668 ingratas
1117 1584 1233 1650 incidit.

262 1956 320 2029 45.
373 1952 473 2053 Cape
499 1953 710 2054 portionem
736 1954 845 2041 servi,
872 1975 986 2052 quum
1011 1954 1040 2026 is
1066 1957 1263 2027 recusavit.

316 2114 320 2128 ι
343 2076 436 2156 Quod
455 2076 484 2138 si
504 2093 620 2137 servus
641 2076 816 2156 portionem
846 2077 875 2136 ei
897 2075 1095 2140 distributam
1117 2093 1233 2161 cupere
1255 2099 1363 2142 recu-

261 2196 328 2274 sat,
349 2195 386 2250 tu
407 2204 478 2248 earu
501 2183 620 2267 capies.

256 2535 316 2608 46.
369 2530 506 2602 Vinum
536 2553 647 2601 causa
674 2543 739 2615 est,
766 2555 835 2600 cur
860 2554 995 2600 avarus
1022 2527 1123 2604 dona
1149 2529 1221 2604 det.

316 2658 436 2721 Vinum
456 2654 615 2717 hominum
631 2662 774 2716 naturam
794 2662 963 2736 permutet,
984 2662 1020 2717 ut
1039 2674 1160 2720 avarus
1181 2657 1265 2720 dous
1285 2656 1358 2740 det,

254 2765 392 2847 prudens
411 2763 529 2828 stultus
550 2762 615 2826 fiet.

252 3133 311 3206 47.
360 3067 529 3202 Perdidit
554 3152 634 3199 eam
659 3121 769 3215 idem,
791 3065 862 3226 isui
887 3125 1085 3200 Lohadum
1111 3127 1285 3230 perdidit.

333 3254 507 3319 Proverbio
527 3261 661 3316 metrum
682 3251 792 3314 Busith
815 3259 875 3314 est.
904 3253 945 3314 of.
975 3251 994 3314 Ι.
1022 3274 1063 3315 m.
1085 3275 1115 3336 p.
1140 3251 1209 3318 190.
1239 3253 1350 3334 Quum

250 3365 436 3428 Lokmanus
468 3382 489 3426 a
516 3369 614 3445 geute
640 3358 828 3423 Ahditerum
864 3378 937 3423 eum
963 3361 1034 3424 eliis
1054 3361 1204 3424 Meeeem
1225 3363 1350 3426 missus

252 3482 357 3555 esset,
383 3477 417 3534 ut
442 3488 555 3552 equam
580 3476 703 3553 peteret
730 3468 813 3548 suia,
843 3476 875 3529 et
903 3468 966 3530 ists
991 3488 1074 3552 gens
1102 3471 1156 3532 siti
1183 3471 1347 3553 periisset,

247 3581 434 3664 ,Lokmau07
464 3577 513 3642 sie
538 3578 644 3641 fabule
671 3583 795 3658 neunt,
827 3596 847 3638 a
875 3578 947 3638 Deo
974 3595 1132 3640 concesse
1158 3587 1229 3640 erat
1255 3580 1348 3644 vitae

252 3686 451 3771 diuturnitate,
473 3696 508 3750 ut
529 3684 589 3747 sibi
610 3675 743 3767 digeret
763 3691 818 3746 eut
838 3684 991 3765 temporis
1012 3685 1160 3769 spatium,
1181 3703 1239 3767 per
1259 3688 1347 3768 quod

251 3807 376 3881 septem
398 3793 555 3858 dorcades
576 3792 691 3855 fuscae
712 3789 744 3852 in
764 3799 871 3852 monte
897 3791 1084 3875 inaccesso,
1113 3811 1193 3875 quas
1213 3795 1348 3876 pluviae

253 3914 346 3988 gutte
373 3923 436 3966 uon
462 3900 631 3984 adficeret,
666 3905 723 3961 eut
753 3903 877 3979 septem
909 3899 1052 3959 vultures
1082 3900 1232 3962 continua
1257 3903 1347 3963 serie

250 4013 398 4075 viventes
436 4008 574 4072 duraturi
613 4015 732 4070 essent.
789 4006 923 4087 Septem
959 4006 1105 4067 vultures
1143 4005 1345 4086 praehabuit.

250 4119 436 4182 Postremus
456 4115 612 4180 Lokmaui
640 4112 748 4175 vultur
776 4129 888 4172 nomeu
909 4111 1021 4173 hobed
1044 4110 1197 4174 hahuisse
1218 4113 1344 4176 dieitur.

250 4226 329 4291 liius
350 4211 466 4289 mentio
488 4241 508 4286 e
528 4224 632 4304 poetis
654 4220 783 4299 saepius
804 4217 893 4280 facte
916 4228 974 4282 est.
1018 4218 1142 4282 Ceeiuit
1162 4219 1322 4283 Lebidus:
