<?xml version="1.0" encoding="UTF-8"?>
<!DOCTYPE html PUBLIC "-//W3C//DTD XHTML 1.0 Transitional//EN"
    "http://www.w3.org/TR/xhtml1/DTD/xhtml1-transitional.dtd">
<html xmlns="http://www.w3.org/1999/xhtml" xml:lang="en" lang="en">
 <head>
  <title>
</title>
<meta http-equiv="Content-Type" content="text/html;charset=utf-8" />
  <meta name='ocr-system' content='tesseract 3.04.00' />
  <meta name='ocr-capabilities' content='ocr_page ocr_carea ocr_par ocr_line ocrx_word'/>
</head>
<body>
  <div class='ocr_page' id='page_1' title='image "./arabumproverbia04alfgoog_0011.png"; bbox 0 0 2988 4952; ppageno 0'>
   <div class='ocr_carea' id='block_1_1' title="bbox 227 540 1317 757">
    <p class='ocr_par' dir='ltr' id='par_1_1' title="bbox 227 540 1317 757">
     <span class='ocr_line' id='line_1_1' title="bbox 227 540 1317 624; baseline 0.006 -24"><span class='ocrx_word' id='word_1_1' title='bbox 227 546 356 620; x_wconf 78' lang='lat' dir='ltr'>gentem</span> <span class='ocrx_word' id='word_1_2' title='bbox 386 540 519 622; x_wconf 88' lang='lat' dir='ltr'><strong>eiusque</strong></span> <span class='ocrx_word' id='word_1_3' title='bbox 552 549 586 604; x_wconf 84' lang='lat' dir='ltr'><strong>et</strong></span> <span class='ocrx_word' id='word_1_4' title='bbox 622 540 783 624; x_wconf 84' lang='lat' dir='ltr'><strong>cogitandi</strong></span> <span class='ocrx_word' id='word_1_5' title='bbox 815 550 848 604; x_wconf 87' lang='lat' dir='ltr'><strong>et</strong></span> <span class='ocrx_word' id='word_1_6' title='bbox 882 541 1012 604; x_wconf 91' lang='lat' dir='ltr'><strong>vivendi</strong></span> <span class='ocrx_word' id='word_1_7' title='bbox 1045 542 1199 606; x_wconf 86' lang='lat' dir='ltr'><strong>rationem</strong></span> <span class='ocrx_word' id='word_1_8' title='bbox 1228 551 1317 606; x_wconf 83' lang='lat' dir='ltr'><strong>recte</strong></span> 
     </span>
     <span class='ocr_line' id='line_1_2' title="bbox 228 672 1316 757; baseline 0.004 -26"><span class='ocrx_word' id='word_1_9' title='bbox 228 685 426 752; x_wconf 76' lang='lat' dir='ltr'><strong>cognoscere</strong></span> <span class='ocrx_word' id='word_1_10' title='bbox 456 674 563 756; x_wconf 91' lang='lat' dir='ltr'><strong>eupit,</strong></span> <span class='ocrx_word' id='word_1_11' title='bbox 590 672 619 734; x_wconf 90' lang='lat' dir='ltr'><strong>ei</strong></span> <span class='ocrx_word' id='word_1_12' title='bbox 644 673 813 755; x_wconf 84' lang='lat' dir='ltr'><strong>proverbia</strong></span> <span class='ocrx_word' id='word_1_13' title='bbox 839 673 1030 757; x_wconf 86' lang='lat' dir='ltr'><strong>negligenda</strong></span> <span class='ocrx_word' id='word_1_14' title='bbox 1056 692 1118 737; x_wconf 91' lang='lat' dir='ltr'><strong>non</strong></span> <span class='ocrx_word' id='word_1_15' title='bbox 1144 683 1238 755; x_wconf 82' lang='lat' dir='ltr'><strong>sunt3</strong></span> <span class='ocrx_word' id='word_1_16' title='bbox 1265 674 1316 737; x_wconf 93' lang='lat' dir='ltr'><strong>cui</strong></span> 
     </span>
    </p>
   </div>
   <div class='ocr_carea' id='block_1_2' title="bbox 117 800 1339 898">
    <p class='ocr_par' dir='ltr' id='par_1_2' title="bbox 117 800 1339 898">
     <span class='ocr_line' id='line_1_3' title="bbox 117 800 1339 898; baseline 0.008 -38"><span class='ocrx_word' id='word_1_17' title='bbox 117 833 119 844; x_wconf 90' lang='lat'>·</span> <span class='ocrx_word' id='word_1_18' title='bbox 228 800 370 866; x_wconf 88' lang='lat' dir='ltr'><strong>eiusdem</strong></span> <span class='ocrx_word' id='word_1_19' title='bbox 390 803 487 865; x_wconf 89' lang='lat' dir='ltr'><strong>libros</strong></span> <span class='ocrx_word' id='word_1_20' title='bbox 507 804 580 866; x_wconf 88' lang='lat' dir='ltr'><strong>sive</strong></span> <span class='ocrx_word' id='word_1_21' title='bbox 604 805 749 886; x_wconf 88' lang='lat' dir='ltr'><strong>poeticos</strong></span> <span class='ocrx_word' id='word_1_22' title='bbox 778 806 851 870; x_wconf 87' lang='lat' dir='ltr'><strong>sive</strong></span> <span class='ocrx_word' id='word_1_23' title='bbox 870 806 1040 896; x_wconf 78' lang='lat' dir='ltr'><strong>historicos</strong></span> <span class='ocrx_word' id='word_1_24' title='bbox 1060 808 1133 869; x_wconf 86' lang='lat' dir='ltr'><strong>eive</strong></span> <span class='ocrx_word' id='word_1_25' title='bbox 1154 807 1234 869; x_wconf 86' lang='lat' dir='ltr'><strong>alios</strong></span> <span class='ocrx_word' id='word_1_26' title='bbox 1255 825 1316 870; x_wconf 87' lang='lat' dir='ltr'><strong>ao-</strong></span> <span class='ocrx_word' id='word_1_27' title='bbox 1338 893 1339 898; x_wconf 8' lang='grc' dir='ltr'>ἵ</span> 
     </span>
    </p>
   </div>
   <div class='ocr_carea' id='block_1_3' title="bbox 217 915 1315 2871">
    <p class='ocr_par' dir='ltr' id='par_1_3' title="bbox 217 915 1315 2871">
     <span class='ocr_line' id='line_1_4' title="bbox 228 915 1315 1022; baseline 0.009 -29"><span class='ocrx_word' id='word_1_28' title='bbox 228 938 368 996; x_wconf 89' lang='lat' dir='ltr'><strong>curatius</strong></span> <span class='ocrx_word' id='word_1_29' title='bbox 389 936 583 1015; x_wconf 78' lang='lat' dir='ltr'><strong>perscrutari</strong></span> <span class='ocrx_word' id='word_1_30' title='bbox 601 937 633 998; x_wconf 89' lang='lat' dir='ltr'><strong>in</strong></span> <span class='ocrx_word' id='word_1_31' title='bbox 658 937 760 1000; x_wconf 89' lang='lat' dir='ltr'><strong>animo</strong></span> <span class='ocrx_word' id='word_1_32' title='bbox 781 945 851 1020; x_wconf 87' lang='lat' dir='ltr'><strong>est,</strong></span> <span class='ocrx_word' id='word_1_33' title='bbox 878 937 906 1001; x_wconf 90' lang='lat' dir='ltr'><strong>is</strong></span> <span class='ocrx_word' id='word_1_34' title='bbox 926 936 967 1001; x_wconf 86' lang='lat' dir='ltr'><strong>ad</strong></span> <span class='ocrx_word' id='word_1_35' title='bbox 988 937 1126 1000; x_wconf 84' lang='lat' dir='ltr'><strong>Arabum</strong></span> <span class='ocrx_word' id='word_1_36' title='bbox 1148 915 1315 1022; x_wconf 84' lang='lat' dir='ltr'><strong>proverbia</strong></span> 
     </span>
     <span class='ocr_line' id='line_1_5' title="bbox 225 1057 1314 1150; baseline 0.008 -24"><span class='ocrx_word' id='word_1_37' title='bbox 225 1075 384 1150; x_wconf 88' lang='lat' dir='ltr'><strong>recurrat,</strong></span> <span class='ocrx_word' id='word_1_38' title='bbox 413 1085 554 1130; x_wconf 86' lang='lat' dir='ltr'><strong>necesse</strong></span> <span class='ocrx_word' id='word_1_39' title='bbox 581 1077 641 1132; x_wconf 89' lang='lat' dir='ltr'><strong>est.</strong></span> <span class='ocrx_word' id='word_1_40' title='bbox 685 1069 757 1148; x_wconf 84' lang='lat' dir='ltr'><strong>Qua</strong></span> <span class='ocrx_word' id='word_1_41' title='bbox 784 1088 862 1132; x_wconf 93' lang='lat' dir='ltr'><strong>vero</strong></span> <span class='ocrx_word' id='word_1_42' title='bbox 889 1090 926 1132; x_wconf 85' lang='lat' dir='ltr'><strong>re</strong></span> <span class='ocrx_word' id='word_1_43' title='bbox 949 1069 1103 1148; x_wconf 83' lang='lat' dir='ltr'><strong>effectum</strong></span> <span class='ocrx_word' id='word_1_44' title='bbox 1124 1057 1314 1136; x_wconf 65' lang='grc'><strong>000001110-</strong></span> 
     </span>
     <span class='ocr_line' id='line_1_6' title="bbox 223 1163 1313 1286; baseline 0.009 -30"><span class='ocrx_word' id='word_1_45' title='bbox 223 1189 288 1269; x_wconf 73' lang='lat' dir='ltr'><strong>tur,</strong></span> <span class='ocrx_word' id='word_1_46' title='bbox 323 1205 358 1258; x_wconf 80' lang='lat' dir='ltr'><strong>ut</strong></span> <span class='ocrx_word' id='word_1_47' title='bbox 393 1197 433 1260; x_wconf 73' lang='lat' dir='ltr'><strong>au</strong></span> <span class='ocrx_word' id='word_1_48' title='bbox 464 1199 525 1262; x_wconf 73' lang='lat' dir='ltr'><strong>rurs</strong></span> <span class='ocrx_word' id='word_1_49' title='bbox 556 1163 767 1283; x_wconf 71' lang='lat' dir='ltr'><strong>temporibus,</strong></span> <span class='ocrx_word' id='word_1_50' title='bbox 806 1201 921 1282; x_wconf 85' lang='lat' dir='ltr'><strong>quibus</strong></span> <span class='ocrx_word' id='word_1_51' title='bbox 955 1201 986 1263; x_wconf 78' lang='grc'><strong>0</strong></span> <span class='ocrx_word' id='word_1_52' title='bbox 1019 1203 1148 1284; x_wconf 72' lang='lat' dir='ltr'><strong>europa</strong></span> <span class='ocrx_word' id='word_1_53' title='bbox 1182 1203 1313 1286; x_wconf 70' lang='lat' dir='ltr'><strong>treguae</strong></span> 
     </span>
     <span class='ocr_line' id='line_1_7' title="bbox 225 1327 1312 1424; baseline 0.006 -35"><span class='ocrx_word' id='word_1_54' title='bbox 225 1330 384 1393; x_wconf 79' lang='lat' dir='ltr'><strong>Arabicae</strong></span> <span class='ocrx_word' id='word_1_55' title='bbox 406 1327 546 1394; x_wconf 90' lang='lat' dir='ltr'><strong>studium</strong></span> <span class='ocrx_word' id='word_1_56' title='bbox 568 1331 690 1395; x_wconf 85' lang='lat' dir='ltr'><strong>arrimos</strong></span> <span class='ocrx_word' id='word_1_57' title='bbox 715 1340 904 1414; x_wconf 84' lang='lat' dir='ltr'><strong>occuparet,</strong></span> <span class='ocrx_word' id='word_1_58' title='bbox 932 1332 991 1394; x_wconf 92' lang='lat' dir='ltr'><strong>viri</strong></span> <span class='ocrx_word' id='word_1_59' title='bbox 1011 1332 1185 1396; x_wconf 82' lang='lat' dir='ltr'><strong>doctissimi</strong></span> <span class='ocrx_word' id='word_1_60' title='bbox 1212 1334 1312 1424; x_wconf 83' lang='lat' dir='ltr'><strong>inter·</strong></span> 
     </span>
     <span class='ocr_line' id='line_1_8' title="bbox 225 1459 1312 1546; baseline 0.006 -24"><span class='ocrx_word' id='word_1_61' title='bbox 225 1462 386 1542; x_wconf 82' lang='lat' dir='ltr'><strong>prebendis</strong></span> <span class='ocrx_word' id='word_1_62' title='bbox 417 1471 450 1525; x_wconf 88' lang='lat' dir='ltr'><strong>ct</strong></span> <span class='ocrx_word' id='word_1_63' title='bbox 480 1461 611 1525; x_wconf 89' lang='lat' dir='ltr'><strong>edendis</strong></span> <span class='ocrx_word' id='word_1_64' title='bbox 644 1462 820 1545; x_wconf 79' lang='lat' dir='ltr'><strong>proverbiis</strong></span> <span class='ocrx_word' id='word_1_65' title='bbox 848 1482 977 1546; x_wconf 88' lang='lat' dir='ltr'><strong>operam</strong></span> <span class='ocrx_word' id='word_1_66' title='bbox 1006 1463 1125 1527; x_wconf 87' lang='lat' dir='ltr'><strong>darent.</strong></span> <span class='ocrx_word' id='word_1_67' title='bbox 1172 1459 1312 1529; x_wconf 83' lang='lat' dir='ltr'><strong>Primum</strong></span> 
     </span>
     <span class='ocr_line' id='line_1_9' title="bbox 223 1587 1312 1678; baseline 0.005 -25"><span class='ocrx_word' id='word_1_68' title='bbox 223 1605 358 1676; x_wconf 77' lang='lat' dir='ltr'><strong>rogante</strong></span> <span class='ocrx_word' id='word_1_69' title='bbox 385 1597 500 1658; x_wconf 85' lang='lat' dir='ltr'><strong>Isaaco</strong></span> <span class='ocrx_word' id='word_1_70' title='bbox 531 1593 724 1658; x_wconf 88' lang='lat' dir='ltr'><strong>Casaubono</strong></span> <span class='ocrx_word' id='word_1_71' title='bbox 754 1596 896 1659; x_wconf 78' lang='lat' dir='ltr'><strong>&#39;l&#39;homas</strong></span> <span class='ocrx_word' id='word_1_72' title='bbox 925 1595 1102 1678; x_wconf 74' lang='lat' dir='ltr'><strong>Erpeuius,</strong></span> <span class='ocrx_word' id='word_1_73' title='bbox 1137 1597 1188 1677; x_wconf 93' lang='lat' dir='ltr'><strong>qui</strong></span> <span class='ocrx_word' id='word_1_74' title='bbox 1216 1587 1312 1658; x_wconf 85' lang='lat' dir='ltr'><strong>studii</strong></span> 
     </span>
     <span class='ocr_line' id='line_1_10' title="bbox 224 1726 1311 1811; baseline 0.001 -21"><span class='ocrx_word' id='word_1_75' title='bbox 224 1729 354 1791; x_wconf 78' lang='lat' dir='ltr'><strong>Arabici</strong></span> <span class='ocrx_word' id='word_1_76' title='bbox 383 1729 470 1791; x_wconf 87' lang='lat' dir='ltr'><strong>viam</strong></span> <span class='ocrx_word' id='word_1_77' title='bbox 504 1726 699 1791; x_wconf 78' lang='lat' dir='ltr'><strong>discentibus</strong></span> <span class='ocrx_word' id='word_1_78' title='bbox 735 1729 908 1811; x_wconf 81' lang='lat' dir='ltr'><strong>patefecit,</strong></span> <span class='ocrx_word' id='word_1_79' title='bbox 941 1748 1023 1792; x_wconf 88' lang='lat' dir='ltr'><strong>auno</strong></span> <span class='ocrx_word' id='word_1_80' title='bbox 1059 1728 1140 1790; x_wconf 94' lang='grc'><strong>1614</strong></span> <span class='ocrx_word' id='word_1_81' title='bbox 1174 1727 1311 1791; x_wconf 85' lang='lat' dir='ltr'><strong>ducenta</strong></span> 
     </span>
     <span class='ocr_line' id='line_1_11' title="bbox 220 1861 1311 1946; baseline 0.001 -22"><span class='ocrx_word' id='word_1_82' title='bbox 220 1881 292 1924; x_wconf 92' lang='lat' dir='ltr'><strong>cum</strong></span> <span class='ocrx_word' id='word_1_83' title='bbox 331 1879 390 1924; x_wconf 87' lang='lat' dir='ltr'><strong>sua</strong></span> <span class='ocrx_word' id='word_1_84' title='bbox 427 1872 461 1921; x_wconf 90' lang='lat' dir='ltr'><strong>et</strong></span> <span class='ocrx_word' id='word_1_85' title='bbox 496 1862 625 1944; x_wconf 87' lang='lat' dir='ltr'><strong>Iosephi</strong></span> <span class='ocrx_word' id='word_1_86' title='bbox 658 1862 817 1946; x_wconf 79' lang='lat' dir='ltr'><strong>scaligeri</strong></span> <span class='ocrx_word' id='word_1_87' title='bbox 852 1861 1107 1942; x_wconf 73' lang='lat' dir='ltr'><strong>interpretatione</strong></span> <span class='ocrx_word' id='word_1_88' title='bbox 1141 1863 1311 1943; x_wconf 86' lang='lat' dir='ltr'><strong>proverbia</strong></span> 
     </span>
     <span class='ocr_line' id='line_1_12' title="bbox 221 1963 1310 2079; baseline 0.001 -23"><span class='ocrx_word' id='word_1_89' title='bbox 221 1994 371 2078; x_wconf 82' lang='lat' dir='ltr'><strong>Lugduni</strong></span> <span class='ocrx_word' id='word_1_90' title='bbox 406 1996 602 2060; x_wconf 87' lang='lat' dir='ltr'><strong>Batavorum</strong></span> <span class='ocrx_word' id='word_1_91' title='bbox 638 1973 752 2079; x_wconf 87' lang='lat' dir='ltr'><strong>edidit,</strong></span> <span class='ocrx_word' id='word_1_92' title='bbox 789 1996 881 2059; x_wconf 88' lang='lat' dir='ltr'><strong>cuius</strong></span> <span class='ocrx_word' id='word_1_93' title='bbox 915 1995 983 2058; x_wconf 90' lang='lat' dir='ltr'><strong>iibri</strong></span> <span class='ocrx_word' id='word_1_94' title='bbox 1017 1996 1080 2056; x_wconf 79' lang='lat' dir='ltr'><strong>ium</strong></span> <span class='ocrx_word' id='word_1_95' title='bbox 1110 2013 1193 2058; x_wconf 82' lang='lat' dir='ltr'><strong>auno</strong></span> <span class='ocrx_word' id='word_1_96' title='bbox 1229 1963 1310 2057; x_wconf 77' lang='lat'>1623&#39;</span> 
     </span>
     <span class='ocr_line' id='line_1_13' title="bbox 221 2124 1309 2209; baseline 0 -22"><span class='ocrx_word' id='word_1_97' title='bbox 221 2126 316 2187; x_wconf 90' lang='lat' dir='ltr'><strong>editio</strong></span> <span class='ocrx_word' id='word_1_98' title='bbox 351 2125 544 2190; x_wconf 89' lang='lat' dir='ltr'><strong>emendatior</strong></span> <span class='ocrx_word' id='word_1_99' title='bbox 576 2125 636 2209; x_wconf 90' lang='lat' dir='ltr'><strong>ipsi</strong></span> <span class='ocrx_word' id='word_1_100' title='bbox 672 2125 812 2190; x_wconf 86' lang='lat' dir='ltr'><strong>curanda</strong></span> <span class='ocrx_word' id='word_1_101' title='bbox 842 2135 921 2189; x_wconf 88' lang='lat' dir='ltr'><strong>erat.</strong></span> <span class='ocrx_word' id='word_1_102' title='bbox 969 2124 1057 2187; x_wconf 88' lang='lat' dir='ltr'><strong>Idem</strong></span> <span class='ocrx_word' id='word_1_103' title='bbox 1088 2142 1160 2186; x_wconf 89' lang='lat' dir='ltr'><strong>oum</strong></span> <span class='ocrx_word' id='word_1_104' title='bbox 1194 2124 1309 2187; x_wconf 81' lang='lat' dir='ltr'><strong>fabulis</strong></span> 
     </span>
     <span class='ocr_line' id='line_1_14' title="bbox 220 2255 1308 2341; baseline 0 -21"><span class='ocrx_word' id='word_1_105' title='bbox 220 2260 373 2320; x_wconf 78' lang='lat' dir='ltr'><strong>boemani</strong></span> <span class='ocrx_word' id='word_1_106' title='bbox 402 2277 484 2319; x_wconf 87' lang='lat' dir='ltr'><strong>anno</strong></span> <span class='ocrx_word' id='word_1_107' title='bbox 515 2257 596 2319; x_wconf 87' lang='grc'><strong>1615</strong></span> <span class='ocrx_word' id='word_1_108' title='bbox 623 2272 656 2319; x_wconf 87' lang='grc'><strong>01</strong></span> <span class='ocrx_word' id='word_1_109' title='bbox 684 2267 758 2341; x_wconf 93' lang='lat' dir='ltr'><strong>post</strong></span> <span class='ocrx_word' id='word_1_110' title='bbox 778 2277 862 2321; x_wconf 78' lang='grc'><strong>0000</strong></span> <span class='ocrx_word' id='word_1_111' title='bbox 884 2255 965 2318; x_wconf 80' lang='grc'><strong>1636</strong></span> <span class='ocrx_word' id='word_1_112' title='bbox 985 2255 1172 2338; x_wconf 87' lang='lat' dir='ltr'><strong>adagiorum</strong></span> <span class='ocrx_word' id='word_1_113' title='bbox 1193 2265 1308 2320; x_wconf 89' lang='lat' dir='ltr'><strong>centu·</strong></span> 
     </span>
     <span class='ocr_line' id='line_1_15' title="bbox 218 2385 1308 2467; baseline 0 -15"><span class='ocrx_word' id='word_1_114' title='bbox 218 2393 295 2453; x_wconf 89' lang='lat' dir='ltr'><strong>riam</strong></span> <span class='ocrx_word' id='word_1_115' title='bbox 318 2391 488 2452; x_wconf 86' lang='lat' dir='ltr'><strong>coniunxit.</strong></span> <span class='ocrx_word' id='word_1_116' title='bbox 518 2390 659 2451; x_wconf 90' lang='lat' dir='ltr'><strong>Priorem</strong></span> <span class='ocrx_word' id='word_1_117' title='bbox 676 2388 715 2451; x_wconf 87' lang='lat' dir='ltr'><strong>ab</strong></span> <span class='ocrx_word' id='word_1_118' title='bbox 736 2389 873 2467; x_wconf 82' lang='lat' dir='ltr'><strong>Erpeuio</strong></span> <span class='ocrx_word' id='word_1_119' title='bbox 895 2385 1050 2448; x_wconf 90' lang='lat' dir='ltr'><strong>editorum</strong></span> <span class='ocrx_word' id='word_1_120' title='bbox 1071 2388 1308 2467; x_wconf 88' lang='lat' dir='ltr'><strong>proverbiorum</strong></span> 
     </span>
     <span class='ocr_line' id='line_1_16' title="bbox 220 2518 1308 2602; baseline -0.003 -17"><span class='ocrx_word' id='word_1_121' title='bbox 220 2523 393 2586; x_wconf 90' lang='lat' dir='ltr'><strong>centuriam</strong></span> <span class='ocrx_word' id='word_1_122' title='bbox 423 2519 535 2584; x_wconf 77' lang='lat' dir='ltr'><strong>Geliua</strong></span> <span class='ocrx_word' id='word_1_123' title='bbox 563 2539 645 2582; x_wconf 86' lang='lat' dir='ltr'><strong>anuo</strong></span> <span class='ocrx_word' id='word_1_124' title='bbox 676 2518 757 2582; x_wconf 93' lang='grc'><strong>1656</strong></span> <span class='ocrx_word' id='word_1_125' title='bbox 785 2521 816 2580; x_wconf 89' lang='grc'><strong>10</strong></span> <span class='ocrx_word' id='word_1_126' title='bbox 844 2518 922 2581; x_wconf 92' lang='lat' dir='ltr'><strong>libro</strong></span> <span class='ocrx_word' id='word_1_127' title='bbox 951 2519 1119 2602; x_wconf 88' lang='lat' dir='ltr'><strong>inscripto:</strong></span> <span class='ocrx_word' id='word_1_128' title='bbox 1149 2521 1308 2584; x_wconf 77' lang='lat' dir='ltr'><strong>Arabicae</strong></span> 
     </span>
     <span class='ocr_line' id='line_1_17' title="bbox 217 2650 1308 2737; baseline -0.002 -18"><span class='ocrx_word' id='word_1_129' title='bbox 217 2661 347 2737; x_wconf 73' lang='lat' dir='ltr'><strong>dioptrae</strong></span> <span class='ocrx_word' id='word_1_130' title='bbox 368 2659 546 2717; x_wconf 80' lang='lat' dir='ltr'><strong>tiroeinium</strong></span> <span class='ocrx_word' id='word_1_131' title='bbox 568 2651 683 2716; x_wconf 88' lang='lat' dir='ltr'><strong>additis</strong></span> <span class='ocrx_word' id='word_1_132' title='bbox 704 2653 773 2714; x_wconf 84' lang='lat' dir='ltr'><strong>aliis</strong></span> <span class='ocrx_word' id='word_1_133' title='bbox 798 2650 902 2714; x_wconf 94' lang='lat' dir='ltr'><strong>denuo</strong></span> <span class='ocrx_word' id='word_1_134' title='bbox 925 2651 1040 2737; x_wconf 78' lang='lat' dir='ltr'><strong>edidit,</strong></span> <span class='ocrx_word' id='word_1_135' title='bbox 1067 2671 1212 2716; x_wconf 89' lang='grc'><strong>000000</strong></span> <span class='ocrx_word' id='word_1_136' title='bbox 1235 2656 1308 2717; x_wconf 91' lang='lat' dir='ltr'><strong>An-</strong></span> 
     </span>
     <span class='ocr_line' id='line_1_18' title="bbox 218 2787 1306 2871; baseline -0.001 -18"><span class='ocrx_word' id='word_1_137' title='bbox 218 2793 313 2853; x_wconf 89' lang='lat' dir='ltr'><strong>dreas</strong></span> <span class='ocrx_word' id='word_1_138' title='bbox 342 2793 518 2854; x_wconf 85' lang='lat' dir='ltr'><strong>Sennertus</strong></span> <span class='ocrx_word' id='word_1_139' title='bbox 545 2807 627 2851; x_wconf 88' lang='lat' dir='ltr'><strong>anno</strong></span> <span class='ocrx_word' id='word_1_140' title='bbox 650 2787 732 2849; x_wconf 92' lang='grc'><strong>1658</strong></span> <span class='ocrx_word' id='word_1_141' title='bbox 752 2787 996 2871; x_wconf 86' lang='lat' dir='ltr'><strong>Witembergac</strong></span> <span class='ocrx_word' id='word_1_142' title='bbox 1018 2787 1129 2850; x_wconf 88' lang='lat' dir='ltr'><strong>eadem</strong></span> <span class='ocrx_word' id='word_1_143' title='bbox 1150 2789 1306 2870; x_wconf 87' lang='lat' dir='ltr'><strong>repetivit.</strong></span> 
     </span>
    </p>
   </div>
   <div class='ocr_carea' id='block_1_4' title="bbox 217 2908 1305 3001">
    <p class='ocr_par' dir='ltr' id='par_1_4' title="bbox 217 2908 1305 3001">
     <span class='ocr_line' id='line_1_19' title="bbox 217 2908 1305 3001; baseline -0.003 -18"><span class='ocrx_word' id='word_1_144' title='bbox 217 2923 367 2986; x_wconf 83' lang='lat' dir='ltr'><strong>Albertus</strong></span> <span class='ocrx_word' id='word_1_145' title='bbox 379 2921 602 2982; x_wconf 81' lang='lat' dir='ltr'><strong>Schultensius</strong></span> <span class='ocrx_word' id='word_1_146' title='bbox 616 2938 742 3000; x_wconf 90' lang='lat' dir='ltr'><strong>quoque</strong></span> <span class='ocrx_word' id='word_1_147' title='bbox 756 2918 787 2979; x_wconf 93' lang='lat' dir='ltr'><strong>in</strong></span> <span class='ocrx_word' id='word_1_148' title='bbox 799 2908 927 3000; x_wconf 81' lang='lat' dir='ltr'><strong>Erpenii</strong></span> <span class='ocrx_word' id='word_1_149' title='bbox 942 2919 1305 3001; x_wconf 86' lang='lat' dir='ltr'><strong>grammaticaArabica,</strong></span> 
     </span>
    </p>
   </div>
   <div class='ocr_carea' id='block_1_5' title="bbox 215 3023 1306 3150">
    <p class='ocr_par' dir='ltr' id='par_1_5' title="bbox 215 3023 1306 3150">
     <span class='ocr_line' id='line_1_20' title="bbox 215 3023 1306 3150; baseline -0.001 -34"><span class='ocrx_word' id='word_1_150' title='bbox 215 3056 255 3116; x_wconf 85' lang='lat' dir='ltr'><strong>ab</strong></span> <span class='ocrx_word' id='word_1_151' title='bbox 279 3056 348 3136; x_wconf 92' lang='lat' dir='ltr'><strong>ipso</strong></span> <span class='ocrx_word' id='word_1_152' title='bbox 372 3073 453 3115; x_wconf 90' lang='lat' dir='ltr'><strong>anno</strong></span> <span class='ocrx_word' id='word_1_153' title='bbox 477 3051 558 3113; x_wconf 87' lang='grc'><strong>1748</strong></span> <span class='ocrx_word' id='word_1_154' title='bbox 577 3060 610 3115; x_wconf 87' lang='grc'><strong>01</strong></span> <span class='ocrx_word' id='word_1_155' title='bbox 631 3050 734 3150; x_wconf 81' lang='lat' dir='ltr'><strong>denuo</strong></span> <span class='ocrx_word' id='word_1_156' title='bbox 758 3049 839 3112; x_wconf 93' lang='grc'><strong>1767</strong></span> <span class='ocrx_word' id='word_1_157' title='bbox 860 3050 956 3134; x_wconf 77' lang='lat' dir='ltr'><strong>edito,</strong></span> <span class='ocrx_word' id='word_1_158' title='bbox 982 3023 1161 3132; x_wconf 78' lang='lat' dir='ltr'><strong>Erpeniana</strong></span> <span class='ocrx_word' id='word_1_159' title='bbox 1178 3052 1306 3136; x_wconf 83' lang='lat' dir='ltr'><strong>Adagia</strong></span> 
     </span>
    </p>
   </div>
   <div class='ocr_carea' id='block_1_6' title="bbox 208 3181 1305 4334">
    <p class='ocr_par' dir='ltr' id='par_1_6' title="bbox 208 3181 1305 4197">
     <span class='ocr_line' id='line_1_21' title="bbox 214 3181 1305 3264; baseline -0.002 -13"><span class='ocrx_word' id='word_1_160' title='bbox 214 3187 308 3251; x_wconf 86' lang='lat' dir='ltr'><strong>dedit.</strong></span> <span class='ocrx_word' id='word_1_161' title='bbox 346 3188 425 3248; x_wconf 84' lang='lat' dir='ltr'><strong>&#39;Pum</strong></span> <span class='ocrx_word' id='word_1_162' title='bbox 448 3184 601 3248; x_wconf 75' lang='lat' dir='ltr'><strong>liciskius</strong></span> <span class='ocrx_word' id='word_1_163' title='bbox 622 3181 736 3245; x_wconf 88' lang='lat' dir='ltr'><strong>edendi</strong></span> <span class='ocrx_word' id='word_1_164' title='bbox 756 3182 852 3245; x_wconf 88' lang='lat' dir='ltr'><strong>totius</strong></span> <span class='ocrx_word' id='word_1_165' title='bbox 874 3183 979 3264; x_wconf 86' lang='lat' dir='ltr'><strong>operis</strong></span> <span class='ocrx_word' id='word_1_166' title='bbox 1001 3181 1192 3246; x_wconf 86' lang='lat' dir='ltr'><strong>desiderium</strong></span> <span class='ocrx_word' id='word_1_167' title='bbox 1213 3186 1305 3249; x_wconf 89' lang='lat' dir='ltr'><strong>simul</strong></span> 
     </span>
     <span class='ocr_line' id='line_1_22' title="bbox 213 3295 1305 3398; baseline -0.002 -14"><span class='ocrx_word' id='word_1_168' title='bbox 213 3321 421 3384; x_wconf 78' lang='lat' dir='ltr'><strong>manifestans</strong></span> <span class='ocrx_word' id='word_1_169' title='bbox 450 3316 598 3380; x_wconf 85' lang='lat' dir='ltr'><strong>nonnulla</strong></span> <span class='ocrx_word' id='word_1_170' title='bbox 624 3334 644 3377; x_wconf 85' lang='lat' dir='ltr'><strong>a</strong></span> <span class='ocrx_word' id='word_1_171' title='bbox 665 3317 777 3379; x_wconf 86' lang='lat' dir='ltr'><strong>boculo</strong></span> <span class='ocrx_word' id='word_1_172' title='bbox 799 3295 944 3380; x_wconf 85' lang='lat' dir='ltr'><strong>derivata</strong></span> <span class='ocrx_word' id='word_1_173' title='bbox 964 3318 1132 3398; x_wconf 82' lang='lat' dir='ltr'><strong>proverbia</strong></span> <span class='ocrx_word' id='word_1_174' title='bbox 1153 3317 1305 3382; x_wconf 73' lang='grc'><strong>01111101-</strong></span> 
     </span>
     <span class='ocr_line' id='line_1_23' title="bbox 213 3437 1302 3536; baseline -0.004 -19"><span class='ocrx_word' id='word_1_175' title='bbox 213 3455 295 3518; x_wconf 90' lang='lat' dir='ltr'><strong>danii</strong></span> <span class='ocrx_word' id='word_1_176' title='bbox 332 3473 428 3536; x_wconf 88' lang='lat' dir='ltr'><strong>opere</strong></span> <span class='ocrx_word' id='word_1_177' title='bbox 463 3452 567 3512; x_wconf 80' lang='lat' dir='ltr'><strong>electe</strong></span> <span class='ocrx_word' id='word_1_178' title='bbox 601 3468 684 3511; x_wconf 82' lang='lat' dir='ltr'><strong>auno</strong></span> <span class='ocrx_word' id='word_1_179' title='bbox 722 3448 804 3510; x_wconf 89' lang='grc'><strong>1758</strong></span> <span class='ocrx_word' id='word_1_180' title='bbox 835 3449 966 3532; x_wconf 85' lang='lat' dir='ltr'><strong>Lipsiae</strong></span> <span class='ocrx_word' id='word_1_181' title='bbox 995 3449 1024 3510; x_wconf 91' lang='grc'><strong>10</strong></span> <span class='ocrx_word' id='word_1_182' title='bbox 1054 3437 1158 3512; x_wconf 87' lang='lat' dir='ltr'><strong>lucem</strong></span> <span class='ocrx_word' id='word_1_183' title='bbox 1187 3451 1302 3514; x_wconf 89' lang='lat' dir='ltr'><strong>emisit.</strong></span> 
     </span>
     <span class='ocr_line' id='line_1_24' title="bbox 214 3584 1303 3664; baseline -0.006 -12"><span class='ocrx_word' id='word_1_184' title='bbox 214 3588 294 3652; x_wconf 89' lang='lat' dir='ltr'><strong>Post</strong></span> <span class='ocrx_word' id='word_1_185' title='bbox 316 3609 387 3651; x_wconf 91' lang='lat' dir='ltr'><strong>eum</strong></span> <span class='ocrx_word' id='word_1_186' title='bbox 410 3607 491 3650; x_wconf 89' lang='lat' dir='ltr'><strong>anno</strong></span> <span class='ocrx_word' id='word_1_187' title='bbox 515 3585 597 3648; x_wconf 89' lang='grc'><strong>1764</strong></span> <span class='ocrx_word' id='word_1_188' title='bbox 624 3584 684 3648; x_wconf 88' lang='lat' dir='ltr'><strong>sub</strong></span> <span class='ocrx_word' id='word_1_189' title='bbox 713 3585 817 3647; x_wconf 91' lang='lat' dir='ltr'><strong>titulo:</strong></span> <span class='ocrx_word' id='word_1_190' title='bbox 843 3584 987 3654; x_wconf 80' lang='lat' dir='ltr'><strong>Arabum</strong></span> <span class='ocrx_word' id='word_1_191' title='bbox 1014 3585 1217 3664; x_wconf 70' lang='lat' dir='ltr'><strong>philosophia</strong></span> <span class='ocrx_word' id='word_1_192' title='bbox 1241 3606 1303 3664; x_wconf 83' lang='lat' dir='ltr'><strong>po-</strong></span> 
     </span>
     <span class='ocr_line' id='line_1_25' title="bbox 208 3715 1303 3802; baseline -0.005 -20"><span class='ocrx_word' id='word_1_193' title='bbox 208 3723 336 3802; x_wconf 78' lang='lat' dir='ltr'><strong>pularia</strong></span> <span class='ocrx_word' id='word_1_194' title='bbox 363 3723 450 3782; x_wconf 90' lang='lat' dir='ltr'><strong>loan.</strong></span> <span class='ocrx_word' id='word_1_195' title='bbox 474 3719 677 3782; x_wconf 87' lang='lat' dir='ltr'><strong>Christianus</strong></span> <span class='ocrx_word' id='word_1_196' title='bbox 698 3716 821 3780; x_wconf 88' lang='lat' dir='ltr'><strong>Kallius</strong></span> <span class='ocrx_word' id='word_1_197' title='bbox 848 3719 939 3797; x_wconf 89' lang='lat' dir='ltr'><strong>plura</strong></span> <span class='ocrx_word' id='word_1_198' title='bbox 963 3717 1132 3798; x_wconf 77' lang='lat' dir='ltr'><strong>proverbia</strong></span> <span class='ocrx_word' id='word_1_199' title='bbox 1152 3715 1303 3779; x_wconf 87' lang='lat' dir='ltr'><strong>Havniae</strong></span> 
     </span>
     <span class='ocr_line' id='line_1_26' title="bbox 211 3845 1303 3934; baseline -0.005 -19"><span class='ocrx_word' id='word_1_200' title='bbox 211 3852 328 3934; x_wconf 90' lang='lat' dir='ltr'><strong>publici</strong></span> <span class='ocrx_word' id='word_1_201' title='bbox 356 3853 431 3916; x_wconf 89' lang='lat' dir='ltr'><strong>iuris</strong></span> <span class='ocrx_word' id='word_1_202' title='bbox 460 3853 547 3914; x_wconf 88' lang='lat' dir='ltr'><strong>fecit.</strong></span> <span class='ocrx_word' id='word_1_203' title='bbox 591 3845 764 3916; x_wconf 88' lang='lat' dir='ltr'><strong>Scheidius</strong></span> <span class='ocrx_word' id='word_1_204' title='bbox 793 3848 927 3931; x_wconf 88' lang='lat' dir='ltr'><strong>denique</strong></span> <span class='ocrx_word' id='word_1_205' title='bbox 953 3867 1035 3911; x_wconf 86' lang='lat' dir='ltr'><strong>auno</strong></span> <span class='ocrx_word' id='word_1_206' title='bbox 1066 3847 1146 3910; x_wconf 88' lang='grc'><strong>1775</strong></span> <span class='ocrx_word' id='word_1_207' title='bbox 1174 3847 1303 3910; x_wconf 71' lang='grc'><strong>011111-</strong></span> 
     </span>
     <span class='ocr_line' id='line_1_27' title="bbox 209 3979 1302 4072; baseline -0.007 -22"><span class='ocrx_word' id='word_1_208' title='bbox 209 3988 354 4072; x_wconf 88' lang='lat' dir='ltr'><strong>penianis</strong></span> <span class='ocrx_word' id='word_1_209' title='bbox 383 3986 560 4070; x_wconf 86' lang='lat' dir='ltr'><strong>proverbiis</strong></span> <span class='ocrx_word' id='word_1_210' title='bbox 584 3985 676 4065; x_wconf 87' lang='lat' dir='ltr'><strong>plura</strong></span> <span class='ocrx_word' id='word_1_211' title='bbox 709 3983 813 4045; x_wconf 86' lang='lat' dir='ltr'><strong>eiecta</strong></span> <span class='ocrx_word' id='word_1_212' title='bbox 848 3989 880 4044; x_wconf 91' lang='lat' dir='ltr'><strong>et</strong></span> <span class='ocrx_word' id='word_1_213' title='bbox 909 3979 1078 4044; x_wconf 79' lang='lat' dir='ltr'><strong>emendate</strong></span> <span class='ocrx_word' id='word_1_214' title='bbox 1108 3981 1201 4044; x_wconf 89' lang='lat' dir='ltr'><strong>simui</strong></span> <span class='ocrx_word' id='word_1_215' title='bbox 1229 3999 1302 4043; x_wconf 89' lang='lat' dir='ltr'><strong>oum</strong></span> 
     </span>
     <span class='ocr_line' id='line_1_28' title="bbox 210 4111 1301 4197; baseline -0.009 -14"><span class='ocrx_word' id='word_1_216' title='bbox 210 4129 339 4183; x_wconf 87' lang='lat' dir='ltr'><strong>centum</strong></span> <span class='ocrx_word' id='word_1_217' title='bbox 360 4119 453 4181; x_wconf 91' lang='lat' dir='ltr'><strong>novis</strong></span> <span class='ocrx_word' id='word_1_218' title='bbox 477 4137 518 4180; x_wconf 89' lang='lat' dir='ltr'><strong>ex</strong></span> <span class='ocrx_word' id='word_1_219' title='bbox 539 4115 693 4180; x_wconf 84' lang='lat' dir='ltr'><strong>Meidunii</strong></span> <span class='ocrx_word' id='word_1_220' title='bbox 714 4132 809 4197; x_wconf 89' lang='lat' dir='ltr'><strong>opere</strong></span> <span class='ocrx_word' id='word_1_221' title='bbox 830 4112 918 4195; x_wconf 88' lang='lat' dir='ltr'><strong>typis</strong></span> <span class='ocrx_word' id='word_1_222' title='bbox 943 4111 1147 4194; x_wconf 78' lang='lat' dir='ltr'><strong>imprimenda</strong></span> <span class='ocrx_word' id='word_1_223' title='bbox 1168 4113 1301 4175; x_wconf 88' lang='lat' dir='ltr'><strong>curavit.</strong></span> 
     </span>
    </p>

    <p class='ocr_par' dir='ltr' id='par_1_7' title="bbox 292 4242 1302 4334">
     <span class='ocr_line' id='line_1_29' title="bbox 292 4242 1302 4334; baseline -0.007 -21"><span class='ocrx_word' id='word_1_224' title='bbox 292 4252 437 4334; x_wconf 86' lang='lat' dir='ltr'><strong>Primus,</strong></span> <span class='ocrx_word' id='word_1_225' title='bbox 471 4249 525 4331; x_wconf 89' lang='lat' dir='ltr'><strong>qui</strong></span> <span class='ocrx_word' id='word_1_226' title='bbox 554 4246 690 4310; x_wconf 91' lang='lat' dir='ltr'><strong>omnium</strong></span> <span class='ocrx_word' id='word_1_227' title='bbox 720 4244 982 4328; x_wconf 82' lang='lat' dir='ltr'><strong>proverbiorum,</strong></span> <span class='ocrx_word' id='word_1_228' title='bbox 1009 4263 1092 4325; x_wconf 86' lang='lat' dir='ltr'><strong>quae</strong></span> <span class='ocrx_word' id='word_1_229' title='bbox 1120 4242 1302 4306; x_wconf 85' lang='lat' dir='ltr'><strong>Meidanius</strong></span> 
     </span>
    </p>
   </div>
   <div class='ocr_carea' id='block_1_7' title="bbox 209 4353 1301 4467">
    <p class='ocr_par' dir='ltr' id='par_1_8' title="bbox 209 4353 1301 4467">
     <span class='ocr_line' id='line_1_30' title="bbox 209 4353 1301 4467; baseline -0.005 -21"><span class='ocrx_word' id='word_1_230' title='bbox 209 4353 394 4467; x_wconf 85' lang='lat' dir='ltr'><strong>eollegerat,</strong></span> <span class='ocrx_word' id='word_1_231' title='bbox 415 4381 609 4448; x_wconf 84' lang='lat' dir='ltr'><strong>edendorum</strong></span> <span class='ocrx_word' id='word_1_232' title='bbox 630 4378 793 4442; x_wconf 87' lang='lat' dir='ltr'><strong>consilium</strong></span> <span class='ocrx_word' id='word_1_233' title='bbox 815 4378 911 4462; x_wconf 85' lang='lat' dir='ltr'><strong>cepit,</strong></span> <span class='ocrx_word' id='word_1_234' title='bbox 933 4375 1115 4442; x_wconf 88' lang='lat' dir='ltr'><strong>Poeockius</strong></span> <span class='ocrx_word' id='word_1_235' title='bbox 1135 4375 1301 4441; x_wconf 84' lang='lat' dir='ltr'><strong>habendus</strong></span> 
     </span>
    </p>
   </div>
   <div class='ocr_carea' id='block_1_8' title="bbox 0 0 1498 4952">
    <p class='ocr_par' dir='ltr' id='par_1_9' title="bbox 0 0 1498 4952">
     <span class='ocr_line' id='line_1_31' title="bbox 0 0 1498 4952; baseline 0 6"><span class='ocrx_word' id='word_1_236' title='bbox 0 0 1498 4952; x_wconf 95' lang='lat' dir='ltr'><strong> </strong></span> 
     </span>
    </p>
   </div>
  </div>
 </body>
</html>
