3014 4936
517 1431 870 1506 Littera
921 1433 1102 1506 wne·

746 1777 846 1830 uiui
881 1772 954 1824 Se>

605 1796 697 1948 us]
718 1801 838 1960 usp
873 1819 957 1938 pst
1029 1840 1038 1917 t

272 2022 303 2084 1.
356 2015 505 2089 Orbitas
531 2017 670 2108 effecit,
697 2036 740 2091 ut
765 2021 803 2092 in
832 2015 949 2092 filium
974 2044 1160 2121 propensa
1185 2033 1289 2092 esset.
1340 2124 1344 2130 ι

350 2163 459 2229 Verba
486 2166 568 2231 haec
593 2168 1221 2253 Bonosus.eognominotus.=1tuohmah
1248 2167 1360 2248 (stru-

269 2270 532 2359 thiocamelus¹)‚
559 2276 599 2339 de
620 2287 720 2340 mntre
741 2277 838 2364 dixit,
861 2296 957 2359 quum
979 2278 1095 2340 occisis
1117 2278 1186 2339 eius
1205 2294 1266 2338 sex
1286 2274 1360 2336 fre-

269 2378 389 2464 tribus,
416 2385 505 2445 solus
533 2393 701 2464 superstes
727 2385 769 2448 nd
799 2405 869 2449 eam
897 2385 1062 2466 rediisset3
1089 2404 1109 2447 e
1135 2393 1234 2446 matre
1261 2383 1358 2463 enim,

268 2484 337 2566 ipse
356 2496 449 2552 antee
470 2498 622 2572 tanquam
645 2493 760 2554 stultus
781 2495 961 2577 neglectus,
985 2501 1060 2573 post
1078 2492 1208 2554 fratrum
1225 2488 1359 2551 caedem

268 2595 365 2656 multo
390 2595 421 2658 in
448 2617 555 2660 amore
581 2597 765 2661 habebatur.
805 2600 961 2684 Bathoso,
998 2601 1045 2661 sic
1073 2593 1356 2663 Almofsdhdhelus

268 2701 392 2784 retulit,
422 2723 440 2764 e
468 2713 565 2786 gente
586 2705 856 2780 Banu-Fessrnh
876 2704 1115 2786 ben-Dsobjau
1136 2700 1357 2785 ben-Bnghid

269 2805 396 2870 oriundo
425 2827 486 2872 sex
514 2811 629 2889 tratres
657 2822 753 2875 eraut
785 2815 950 2882 ¹Homines
975 2820 1112 2895 egente
1133 2808 1356 2894 Aschdjoh,

268 2913 350 2974 inter
376 2931 455 2996 quos
482 2925 515 2979 et
539 2920 670 2982 Boihasi
697 2920 847 2984 familiam
880 2921 993 2983 bellum
1028 2927 1111 3002 erat,
1147 2918 1357 2983 incursionem

268 3019 425 3084 facientes
453 3025 485 3084 in
511 3025 579 3086 illos
608 3028 737 3089 camelis
772 3034 946 3107 occupatos
975 3045 1035 3089 sex
1068 3028 1138 3089 illos
1168 3024 1357 3088 occiderant

268 3127 440 3192 Baihasum
461 3151 568 3194 eorum
588 3144 664 3196 notu
685 3136 861 3220 minimum,
889 3135 939 3215 qui
960 3137 1077 3198 stultus
1098 3135 1283 3218 haberetur,
1304 3133 1358 3194 vi-

270 3254 347 3296 vum
362 3237 553 3319 reliquerunt
564 3251 597 3303 et
609 3259 718 3305 secum
739 3244 809 3305 eius
829 3243 976 3324 precibus
999 3245 1147 3306 commoti
1168 3241 1208 3305 ad
1229 3249 1358 3324 gentem

271 3340 473 3406 abduxerunt.
494 3347 652 3411 Postridie
664 3369 756 3412 mene
768 3370 862 3433 quum
874 3353 1029 3414 camelum
1036 3359 1232 3414 mactassent
1244 3358 1358 3412 etcer-

270 3468 354 3534 nem,
377 3449 445 3513 dies
466 3455 548 3516 enim
566 3457 708 3537 feruidus
729 3467 819 3541 erat,
826 3479 866 3521 ne
881 3463 957 3524 solis
974 3460 1085 3526 ardore
1098 3465 1358 3540 corrumperetur,

258 3554 456 3618 obumbrare
476 3561 605 3644 vellent,
625 3564 783 3626 Beihesus
811 3564 905 3626 dixit:
936 3564 1018 3650 με
1042 3565 1063 3631 t
1089 3549 1140 3664 β
1166 3563 1283 3631 eiust
1304 3557 1359 3663 ob

152 3749 160 3756 ,
272 3677 359 3740 „Sed
386 3680 589 3743 tamaricibus
618 3701 691 3746 cero
720 3707 782 3749 non
811 3687 1027 3749 obumbratur«
1057 3689 1139 3750 cons.
1169 3687 1206 3750 C.
1236 3687 1358 3769 xxtll,

270 3787 341 3850 248.
381 3789 442 3850 His
469 3789 578 3851 verbis
604 3792 719 3855 auditis
752 3814 826 3857 eum
846 3797 940 3859 animi
961 3814 1090 3858 sensum
1113 3797 1272 3859 occultare
1294 3815 1358 3875 pu·

270 3902 386 3978 tentes,
409 3897 476 3960 eius
498 3896 662 3978 occidendi
681 3903 843 3964 consilium
862 3912 1024 3985 ceperunt.
1056 3904 1176 3966 Postea
1195 3903 1360 3965 consilium

270 4007 437 4064 mutarunt.
476 4003 540 4065 Per
566 4003 648 4066 diem
675 4003 758 4069 illum
784 4028 877 4090 quum
903 4027 998 4072 cerne
1019 4020 1129 4074 assato
1149 4016 1360 4073 vescerentur

289 4271 317 4329 l)
335 4270 493 4337 cognomen
509 4279 568 4330 stne
589 4281 667 4332 dubio
685 4293 702 4330 s
718 4282 872 4345 stupiditate
888 4284 998 4346 aceepit.
