2970 4946
554 351 779 413 ..687-

159 534 359 599 incenderam
387 535 421 597 id
449 533 602 616 (betium)
636 531 753 598 iniusta
787 553 901 616 causa3
933 537 992 598 sed
1029 555 1091 620 ego
1118 535 1213 600 hodie

159 643 231 704 eius
251 644 334 704 maio
357 641 491 727 adfligar
501 640 560 722 1).ιι

180 751 216 810 In
239 750 485 814 munteKidhah
505 753 662 834 appellate
684 751 747 814 duo
769 753 897 834 agmina
916 761 1103 835 pugnarunt.
1126 753 1214 816 Bee-

117 861 199 919 ritae
220 858 331 921 hostes
354 857 386 926 in
403 859 514 940 fugam
536 861 750 943 coniecerunt,
777 869 811 921 ut
832 862 871 921 ab
894 861 956 923 hoc
977 860 1050 922 inde
1071 868 1214 941 tempere

13 1027 14 1056 ,
119 966 339 1048 'I'haghlebitae
349 968 500 1029 resistere
511 987 575 1029 nou
587 977 733 1048 possent.
756 968 1065 1052 Sabarai-Aldinus,
1080 986 1216 1049 quocum

13 1133 14 1166 p
119 1074 255 1135 Kamusi
276 1080 388 1134 auctor
409 1075 582 1158 consentit,
604 1076 654 1136 sic
668 1076 822 1136 narravit:
844 1075 944 1157 Degit
959 1077 1040 1136 inter
1055 1074 1217 1136 Israelitas

119 1180 231 1243 mulier
243 1183 350 1243 Basus
364 1182 533 1265 appellata,
548 1185 637 1245 cuius
654 1185 767 1245 marito
781 1181 910 1264 triplicis
927 1181 1032 1264 precis
1046 1180 1215 1264 faciendae,

13 1347 15 1384 5
121 1308 203 1372 quae
224 1291 421 1375 impleretur,
448 1300 594 1372 potestas
622 1311 643 1354 a
663 1293 734 1354 Deo
756 1310 913 1354 concessa
938 1300 1015 1354 erat.
1058 1290 1216 1353 Muliera

13 1459 15 1494 =
119 1398 233 1460 marito
260 1397 410 1482 obtinuit,
441 1407 476 1460 ut
505 1401 575 1481 ipsa
602 1417 700 1482 prece
721 1419 782 1462 una
803 1419 823 1463 a
843 1401 955 1462 marito
976 1399 1018 1461 ad
1038 1401 1142 1461 Deum
1164 1393 1217 1460 di-

121 1517 212 1570 recta
237 1507 446 1588 pulcherrima
479 1510 614 1570 emnium
645 1507 833 1572 feminarum
860 1507 962 1570 fleret.
1014 1508 1106 1586 Quae
1135 1527 1217 1569 vero

13 1677 14 1688 ,
47 1629 50 1636 ·
119 1631 173 1676 res
202 1611 351 1676 effecisse
378 1615 510 1697 dicitur,
546 1622 581 1676 ut
607 1615 677 1696 ipsa
706 1634 726 1678 a
755 1616 866 1676 marito
902 1615 1102 1677 alienaretur.
1152 1614 1217 1676 Hic

13 1795 15 1818 ἶ
119 1723 222 1782 iratus
243 1721 346 1782 Deum
369 1721 551 1805 invocavit,
580 1729 616 1782 ut
637 1723 740 1802 ipsam
762 1737 873 1783 canem
896 1722 1063 1784 latrantem
1085 1723 1217 1783 faceret.
1250 1773 1254 1783 ,

119 1829 233 1889 Ta'em
255 1847 326 1889 eam
347 1827 495 1889 videntes
516 1828 570 1889 iiiii
592 1837 714 1908 patrem
736 1838 922 1910 moverunt,
952 1836 985 1892 ut
1007 1831 1100 1891 tertia
1120 1845 1217 1909 prece

13 2007 14 2028 ἶ
121 1937 225 1996 Deum
255 1943 404 2017 rogaret,
432 1942 467 1996 ut
493 1935 524 1996 in
550 1935 716 2015 pristinum
746 1943 778 1996 st
788 1943 867 1998 atum
896 1935 965 2016 ipsa
990 1937 1219 1999 restitueretur.

121 2043 229 2105 Huius
250 2043 347 2124 igitur
369 2040 494 2104 femine
516 2041 683 2104 infelicitas
705 2042 735 2103 in
761 2060 863 2104 causa
884 2045 985 2104 fnisse
1006 2043 1140 2128 dieitur,
1163 2060 1220 2104 cur

13 2137 14 2142 ἵ
123 2162 190 2212 tres
213 2149 287 2212 illae
306 2167 421 2229 preces
442 2149 568 2212 inutiles
589 2151 659 2212 viro
680 2149 801 2212 fierent.
833 2148 927 2212 Conf.
949 2152 1053 2214 Harir.
1074 2172 1104 2232 p.
1126 2149 1197 2214 266.

129 2524 208 2596 115.
262 2521 375 2616 Magis
408 2533 614 2620 occupata,
648 2543 763 2618 quam
796 2516 953 2600 femina,
990 2541 1088 2616 (puae
1124 2513 1220 2590 duos

266 2661 366 2719 utres
393 2644 556 2716 tenebat„

209 2779 302 2842 Cani.
323 2779 400 2862 Vll,
425 2777 494 2840 tau.
517 2777 608 2840 Conf.
631 2795 721 2850 prov.
743 2778 833 2859 Xiii,
865 2777 933 2838 144.
962 2777 1096 2838 uomina
1118 2793 1221 2857 quae-

126 2889 199 2949 dam
233 2906 253 2946 a
289 2895 387 2968 gente
411 2884 633 2948 Taim-Allah
661 2883 941 2946 ben-'l'sahlebah
969 2892 1112 2964 tempere
1143 2889 1219 2944 ante

124 2992 384 3056 Mohammedem
413 2993 520 3074 butyri
549 3001 758 3054 mercaturam
787 2991 934 3054 iaciebat.
977 2990 1030 3052 Ad
1060 3007 1130 3052 eam
1159 2991 1221 3051 bu-

127 3103 189 3184 tyri
210 3100 335 3164 emendi
356 3120 458 3166 causa
480 3101 712 3164 Chavrwatsus
733 3100 937 3162 ben-Haibar
958 3099 1110 3162 Alauzari
1130 3099 1220 3159 venit

127 3217 163 3269 et
192 3217 280 3270 utres
308 3210 415 3291 plures
444 3227 536 3271 unum
565 3217 640 3289 post
667 3208 799 3268 aiterum
826 3206 999 3287 inspiciens
1027 3225 1114 3288 eam,
1148 3205 1221 3267 dum

126 3316 207 3379 duos
230 3324 318 3378 utres
341 3319 480 3392 tenebat,
504 3318 548 3379 ita
571 3317 755 3398 occupavit,
777 3324 813 3378 ut
833 3317 894 3397 ipsi
915 3315 981 3378 vim
1003 3315 1120 3378 inferre
1140 3331 1221 3396 pes-

127 3432 187 3486 set.
217 3424 312 3487 Conf.
332 3425 438 3486 Harir.
458 3424 529 3486 562.

450 3558 580 3714 aias
616 3645 671 3716 0·
708 3545 814 3696 ft‘fa't
887 3610 925 3690 tn

134 3798 214 3867 116.
265 3793 487 3880 Infaustior‚
521 3819 635 3894 quam
662 3789 914 3864 Chautaahus.

130 4017 134 4024 ι
193 3928 413 4010 ChautaahuS,
437 3929 488 4010 qui
510 3925 550 3990 ad
576 3934 705 4010 gentem
724 3927 815 3988 Banu
834 3924 1006 3988 Ghoi'aiiah
1029 3925 1223 3988 herr-Kasitir
1297 3929 1301 3938 “

129 4038 297 4102 ben-Hinb
320 4046 381 4100 etc.
404 4036 596 4118 pertinebat,
625 4034 752 4100 Catsifu
775 4031 993 4096 beu-Ahmru
1014 4033 1223 4114 'l'aghlabitae

134 4199 397 4218 W*-

169 4299 196 4360 t)
215 4299 326 4357 speetu
341 4297 391 4347 hae
408 4296 442 4346 ad
459 4297 569 4345 «nedem
588 4292 767 4344 acclametis
783 4284 909 4355 nouam.
