3026 4942
191 770 222 838 9.
277 768 408 864 Aquae
437 761 561 834 iluxus
589 759 634 834 ad
661 763 787 837 foveas
813 763 965 838 leonum
992 769 1177 868 pervenit.

251 917 286 976 In
301 913 560 976 Samachscharii
582 933 677 994 opere
698 916 746 976 sic
766 918 880 997 legitur
900 919 993 1018 &jd
1020 921 1074 988 siit
1103 921 1154 1024 ἐὺ
1180 917 1282 978 ”Per-

189 1040 277 1099 venit
303 1056 387 1118 aqua
414 1037 455 1098 ad
482 1038 597 1100 foveas
625 1039 768 1100 leonum«
791 1040 811 1098 i.
833 1061 859 1100 e.
902 1041 970 1102 Res
999 1043 1161 1104 terminum
1191 1061 1281 1104 suum

189 1153 391 1223 transgressa
421 1152 479 1205 est.
522 1145 572 1205 De
600 1164 635 1204 re
661 1145 857 1226 gravissima
878 1146 932 1205 vel
958 1148 1137 1209 calamitate
1165 1167 1282 1230 magna

190 1249 389 1332 proverbium
410 1249 559 1311 adhibere
578 1252 692 1312 solent.
726 1249 874 1313 noveam
895 1258 1000 1312 autem
1029 1251 1068 1312 ad
1096 1254 1279 1333 capiendum

190 1359 313 1416 leonem
340 1355 528 1418 destinatam
556 1359 587 1417 in
622 1358 693 1418 loco
723 1360 807 1420 elato
835 1358 1003 1419 faciebant.
1053 1359 1089 1418 In
1119 1359 1280 1438 Djenharii

191 1483 286 1542 spere
307 1464 504 1544 {novennium
526 1465 642 1547 legitur
663 1467 722 1527 sub
744 1496 811 1569 ff)-
829 1467 911 1527 conf.
929 1465 967 1528 C.
978 1466 1022 1548 V,
1036 1467 1086 1528 48.
1103 1468 1195 1547 XXI,
1212 1468 1279 1532 119.

420 1813 438 1834 ,
533 1815 551 1835 ,
781 1814 802 1855 ⁶

192 1883 246 1947 10.
275 1875 418 1948 (laudas
446 1879 677 1966 mentm-unt,
705 1904 822 1978 quum
849 1893 963 1955 cantu
989 1876 1228 1953 ducerentur.

271 2026 400 2089 Canens
429 2030 620 2091 camelorum
649 2030 759 2091 ductor
784 2031 814 2089 in
839 2030 949 2090 itinere
969 2029 1162 2110 praecedere
1183 2031 1277 2110 solet,

187 2143 221 2193 ut
242 2134 282 2195 ad
304 2137 486 2198 celeriorem
507 2157 656 2220 gressum
678 2140 789 2200 cameli
811 2146 905 2200 cantu
925 2139 1101 2200 incitentur.
1135 2139 1279 2199 Prover-

186 2241 237 2302 bi0
258 2249 393 2326 utuntur,
413 2251 449 2303 ut
464 2245 571 2324 pavidi
593 2245 801 2306 obedientiam
822 2245 1009 2326 significent.
1042 2249 1078 2306 In
1092 2247 1171 2306 libro
1186 2262 1277 2325 quem

188 2347 271 2410 doct.
292 2351 499 2413 Bertheau
520 2351 560 2413 de
581 2351 839 2414 Abu-obeidi
866 2337 1042 2432 proverbiis
1064 2353 1167 2414 edidit.
1191 2349 1277 2414 Gut-

188 2456 296 2536 tingae
320 2456 410 2540 1836,
432 2458 547 2519 vitiose
575 2459 689 2540 qiidii
716 2459 831 2540 legitur
849 2480 881 2548 p.
907 2459 953 2520 14.
976 2466 1053 2519 text.
1075 2459 1171 2519 Arah.
1194 2459 1278 2520 conf.

191 2580 435 2643 Semachschar.
480 2581 531 2642 Ad
560 2591 692 2644 metrum
722 2585 817 2647 Sarih
838 2585 1086 2666 referripotest.
1111 2584 1278 2648 contiibr.

190 2707 230 2748 m.
251 2706 280 2767 p.
303 2686 373 2749 246.

542 2855 785 3040 μέμ
819 2837 889 2996 di,
966 2902 985 2979 n

193 3089 248 3149 11.
303 3077 434 3151 Ahnati
464 3107 531 3192 pre
558 3081 671 3156 Cahla
700 3087 816 3157 occisa
844 3083 924 3156 fuit.

271 3217 482 3332 Ahrari·)i},
505 3253 587 3316 quae
608 3257 674 3300 vox
695 3223 739 3299 in,
749 3236 812 3300 fine
834 3254 905 3300 cum
919 3237 1025 3297 vocali
1034 3236 1137 3297 Kesre
1158 3254 1277 3297 secun-

188 3356 260 3417 dum
281 3355 407 3436 Hidja'si
429 3367 461 3419 et
487 3360 722 3420 'l'amimitarum
750 3360 921 3420 dialectum
938 3359 1124 3420 enunciatur
1145 3366 1177 3419 et
1199 3350 1297 3420 Cant

187 3446 275 3546 δέ,
292 3483 373 3545 qnae
386 3485 453 3527 vox
475 3474 529 3526 aut
548 3466 775 3528 indeclinabilis
797 3476 851 3529 aut
871 3466 1062 3527 declinabilis
1074 3484 1149 3527 esse
1159 3473 1278 3547 potest,

188 3588 319 3650 duarum
340 3609 513 3652 vaccarum
535 3592 661 3653 nomina
682 3601 772 3674 sunt,
801 3610 883 3674 quae
912 3589 1056 3652 cornibus
1085 3589 1279 3650 seinvicem

188 3706 333 3777 petentes
362 3709 468 3760 mutuo
498 3718 535 3760 se
556 3700 788 3761 interfecerunt·
830 3701 922 3761 Duos
943 3698 1037 3778 igitur
1059 3697 1140 3756 inter
1161 3714 1197 3756 se
1219 3714 1278 3757 ae-

188 3808 298 3888 quales
319 3808 519 3888 proverbium
547 3808 706 3870 describit.
747 3809 865 3870 Nasrat
886 3805 1078 3889 Meidanius7
1101 3803 1279 3865 Cotsairnm

187 3915 421 3979 ben-Schehsb
443 3917 605 3978 Alharetsi
626 3917 826 3998 percussisse
847 3913 1113 3978 Ahbd-Allahum
1135 3912 1283 3974 ben-An·

190 4021 351 4103 hedjdjadj
375 4025 555 4088 Altsahlebi
584 4026 616 4085 in
644 4024 757 4106 oppido
785 4023 846 4089 Rei
875 4032 907 4085 et
932 4041 1029 4104 quum
1058 4022 1107 4084 ille
1136 4041 1155 4082 a
1183 4041 1281 4102 praes·

191 4130 311 4194 fectusa
332 4141 471 4196 remotus
487 4134 619 4214 fuisset,
648 4132 732 4195 hunc
752 4128 925 4194 vindictam
949 4139 982 4194 ut
1002 4136 1132 4211 caperet
1154 4130 1221 4192 eius
1244 4147 1284 4190 os

190 4237 326 4320 fregisse
348 4249 379 4302 ct
401 4241 483 4304 hunc
505 4260 634 4302 versum
657 4240 776 4302 dixisse
