3026 4942
646 321 872 384 ..120-

210 525 305 595 quum
327 509 464 572 amicum
485 507 699 588 vinrperaret,
724 503 776 564 hic
796 500 875 563 dixit
902 499 1019 566 dul
1044 532 1088 583 (μ
1111 495 1236 562 eil-bl
1261 499 1300 592 c,i
1365 541 1371 555 .

212 639 346 702 „Frater
367 645 442 699 tuus
463 642 528 716 est,
559 633 613 712 qui
634 631 689 692 tibi
712 631 854 692 solamen
875 627 1015 689 adtulite
1059 625 1141 684 'lum
1163 615 1319 680 Saihdus.

211 763 291 828 rem,
314 761 407 826 quam
429 760 501 804 eum
522 739 634 802 amicis
655 737 821 800 habuisset
833 753 1004 816 eorumque
1019 729 1135 816 agendi
1150 728 1303 790 rationem

212 853 369 933 exposuit.
395 847 569 911 llosaimus
590 863 626 906 re
647 844 776 926 cognita
797 842 892 904 dixit:
917 835 1032 918 6Μὶ
1053 840 1180 922 ἁμὶ
1205 859 1306 943 θ’..μ

215 972 369 1037 nGladius
390 968 668 1051 reprehensionem
689 967 901 1049 praecessito,
933 962 1016 1045 quod
1041 971 1156 1044 postea
1176 962 1207 1023 in
1227 980 1305 1044 pre-

215 1079 357 1142 verbium
379 1076 489 1138 cessit
531 1075 660 1137 Nomen
673 1083 785 1137 -autem
807 1073 866 1135 viri
886 1073 975 1133 vario
997 1069 1090 1133 modo
1112 1080 1175 1132 aut*
1193 1096 1306 1172 „pf

216 1195 410 1259 Cheraim
432 1207 488 1261 aut
514 1224 632 1302 A?
658 1187 828 1258 Hosaim
851 1196 881 1255 in
903 1193 1064 1255 codicibus
1086 1195 1236 1275 scriptum
1256 1194 1306 1253 le-

215 1319 309 1402 gitur,
331 1339 435 1404 neque
456 1321 530 1404 quid
551 1331 674 1384 rectum
695 1323 748 1404 sit,
771 1329 891 1382 certum
911 1307 1047 1381 videtur.

432 1441 1169 1653 „spffipmfflllrtr
1285 1555 1288 1563 ,

220 1714 302 1788 363.
337 1712 530 1790 Profecto!
557 1716 641 1814 quis
667 1710 809 1828 vigilias
836 1739 923 1785 oum
941 1736 1072 1788 somno
1097 1713 1313 1811 permutati

304 1863 547 1930 Hemistichium
576 1867 667 1928 metri
696 1866 799 1930 Waf
802 1866 835 1926 ir
863 1865 1012 1948 appellati
1040 1871 1098 1924 est.
1127 1860 1210 1924 conf.
1238 1862 1257 1921 l.
1284 1879 1312 1921 c.

221 1995 252 2055 p.
272 1973 344 2037 203.
387 1977 423 2036 ln
451 1992 542 2055 eum,
580 1973 633 2053 qui
662 1973 796 2055 gratiam
828 1973 971 2056 neglexit
1004 1979 1037 2032 et
1070 1971 1315 2032 incolumitatem

223 2079 338 2163 noluit,
375 2083 575 2160 proverbium
605 2081 746 2164 quadrat.
794 2083 874 2144 Eius
908 2083 1060 2164 originem
1093 2082 1140 2142 sic
1168 2081 1315 2142 referunt.

224 2184 461 2266 Himjaritarum
475 2208 544 2273 rex,
557 2190 728 2252 Hassanus
744 2192 932 2271 appellatus,
948 2207 1050 2269 prava
1063 2187 1180 2270 agendi
1194 2189 1316 2249 ratione

226 2293 363 2356 omnium
384 2293 467 2356 inse
483 2295 590 2358 odium
605 2297 790 2380 concitarat,
812 2305 848 2357 ut
868 2291 955 2357 multi
976 2293 1106 2354 fratrem
1128 2294 1196 2356 eius
1211 2295 1317 2355 Ahm-

226 2419 314 2462 ruum
336 2400 378 2462 ad
398 2405 486 2486 regis
508 2405 640 2468 caedem
661 2406 864 2486 impellerent.
890 2404 982 2466 Unus
1004 2410 1135 2484 tantum,
1154 2400 1318 2463 nso-lto-

227 2507 340 2570 aihnus
361 2512 413 2591 qui
434 2514 669 2598 appellabatur,
690 2533 758 2575 rem
778 2510 951 2594 dissuasit,
973 2511 1041 2572 l'ore
1063 2512 1158 2594 enim,
1181 2519 1215 2572 ut
1235 2509 1319 2570 faci-

227 2615 312 2678 noris
334 2619 526 2697 poenitentia
548 2639 673 2682 emnem
694 2619 789 2681 animi
809 2617 1061 2699 tranquillitatem
1082 2617 1151 2700 regi
1173 2617 1318 2700 eriperet,

227 2723 415 2801 praedicens
444 2734 477 2787 et
506 2744 599 2807 quum
627 2725 679 2787 ille
699 2726 899 2788 nihilominus
921 2745 987 2787 rem
1009 2743 1047 2786 se
1068 2734 1320 2807 perpetraturum

230 2828 376 2916 dixisset,
398 2833 537 2915 rogavit,
561 2842 594 2895 ut
615 2833 768 2914 scriptum
789 2833 892 2915 sigillo
914 2851 972 2896 suo
991 2832 1192 2914 obsignatum
1213 2835 1245 2894 in
1266 2851 1321 2892 re·

231 2936 284 3020 gis
312 2939 433 3000 aerario
464 2940 621 3021 deponere
651 2943 710 3004 sibi
739 2943 857 3003 liceret.
900 2941 944 3002 Ut
965 2941 1016 3002 ille
1037 2941 1250 3022 praedixerat,
1273 2939 1323 3000 sic

231 3061 285 3105 res
312 3044 433 3125 evenit3
462 3067 538 3109 mox
566 3049 648 3110 enim
673 3049 824 3110 facinoris
853 3048 1047 3129 poenitentia
1072 3047 1187 3108 nullam
1212 3063 1323 3126 regem

235 3149 374 3232 quietem
402 3170 518 3232 capere
547 3153 632 3213 sivit.
672 3153 793 3216 Medici
813 3161 930 3235 autem,
954 3152 1141 3220 sacerdotes.
1162 3163 1194 3216 et
1215 3136 1323 3216 astro-

233 3255 299 3338 logi
319 3254 361 3318 ad
388 3277 499 3340 regem
521 3260 689 3322 convocati
718 3258 781 3322 hoc
807 3279 849 3322 ex
877 3260 976 3322 caede
997 3261 1103 3324 fratris
1126 3269 1228 3323 ortum
1250 3280 1324 3323 esse

235 3365 452 3428 necessarium
480 3367 595 3428 malum
625 3367 833 3431 declararunt.
880 3371 961 3432 'lum
994 3390 1051 3431 rex
1081 3387 1190 3432 omnes
1218 3370 1325 3433 caedis

236 3477 329 3538 istius
356 3495 507 3540 suasores
536 3485 569 3539 et
597 3477 756 3541 adiutores
787 3479 889 3541 occidi
914 3480 1015 3542 iussit.
1056 3477 1325 3541 Dsu-ltoaihnus

236 3590 354 3667 cirtem,
382 3584 434 3644 illc
454 3593 549 3647 antea
569 3584 728 3668 laudatus,
751 3602 844 3665 quum
866 3594 899 3646 et
920 3585 1009 3645 sein
1030 3582 1197 3647 discrimen
1218 3584 1327 3647 vocari

237 3689 379 3775 videret,
409 3692 448 3754 ab
477 3694 539 3756 isto
571 3693 700 3755 crimine
726 3695 855 3755 liberum
884 3710 921 3752 se
950 3709 1027 3752 esse
1055 3690 1233 3754 habendum
1258 3692 1328 3774 regi

239 3797 334 3882 dixit,
364 3808 397 3864 et
417 3810 452 3864 ut
472 3802 518 3862 rei
537 3801 720 3882 probandae
742 3817 840 3862 causa
860 3798 934 3860 illud
954 3799 986 3858 iu
1007 3799 1127 3860 aerario
1150 3797 1328 3878 depositum

240 3908 391 3987 scriptum
406 3908 584 3995 afferretur,
603 3911 739 3993 rogavit.
771 3906 864 3988 Quod
885 3924 980 3988 quum
1001 3906 1105 3988 sigillo
1126 3913 1217 3986 rupto
1232 3924 1328 3985 aper-

241 4025 307 4080 tum
329 4028 428 4106 esset,
450 4030 624 4102 sequentes
646 4037 765 4080 versus
786 4015 967 4098 prodierunt

242 4187 738 4293 osee-w
839 4135 1330 4290 eruemur
