3026 4942
599 353 801 414 .-39-

153 533 237 615 quod
257 544 381 616 tempus
402 532 519 616 agendi
540 533 701 618 dimiserit,
724 536 774 597 his
795 536 903 598 verbis
923 534 1117 617 respondere
1146 538 1241 619 solet,

154 644 264 725 quihus
285 663 323 706 se
344 656 487 706 extrema
517 644 579 706 diei
599 655 690 726 parte
711 667 777 708 rem
807 648 1017 728 perfecturum
1050 663 1143 731 esse,
1166 666 1243 727 pro-

154 751 253 814 mittit.

385 900 1065 1095 QAEQQQth‘

664 1084 683 1103 ,
865 1083 904 1123 ,ὃ

153 1166 237 1240 248.
290 1165 426 1238 Cameli
459 1173 529 1241 mei
562 1188 667 1258 sunt,
709 1196 833 1271 neque
859 1195 922 1244 eos
948 1167 1096 1242 vendidi
1122 1193 1246 1270 neque

293 1290 393 1364 dono
420 1291 518 1365 dedi.

238 1441 289 1501 De
309 1441 435 1524 iniusto,
458 1445 511 1524 qui
531 1443 572 1514 de
592 1464 628 1506 re
649 1445 708 1527 ipsi
729 1463 860 1526 prorsus
881 1445 984 1506 aliona
1005 1452 1110 1506 tecum
1130 1443 1246 1526 litigat,

157 1545 326 1610 adhibetur.
349 1551 431 1612 eonf.
454 1552 576 1615 Schult.
598 1572 687 1634 prov.
709 1552 808 1614 Meid.
830 1573 860 1635 p.
882 1551 932 1614 47.
1022 1621 1026 1628 ,

438 1700 960 1923 &QQQW

155 1966 237 2041 249.
290 1966 329 2038 Si
355 1984 398 2040 tu
423 1965 517 2042 filios
544 1997 621 2044 non
648 1972 777 2069 gignis,
805 1969 872 2042 tibi
898 1969 1075 2068 gignitur.
1142 1948 1143 1954 ἵ

236 2119 287 2179 De
309 2138 360 2201 eo,
383 2121 521 2200 quirem
543 2123 603 2183 sihi
624 2123 753 2185 noxiam
775 2130 908 2203 tractat,
937 2119 1120 2203 adhibetur,
1143 2119 1251 2200 utqui

154 2224 282 2286 viduam
287 2271 299 2309 ,
322 2227 372 2287 oui
392 2238 466 2290 sunt
487 2230 558 2312 filii,
580 2231 611 2292 in
632 2231 863 2293 matrimonium
886 2230 991 2314 duxit,
1015 2228 1054 2291 ab
1077 2229 1138 2290 illis
1159 2227 1250 2289 honis

157 2752 240 2822 250.
293 2748 543 2824 Pulchr-itudo
571 2767 626 2822 est
653 2753 807 2824 miseria.

240 2925 300 2987 Vir
327 2926 366 2986 oh
396 2925 537 3006 eorporis
563 2924 825 3006 pulchritudinem
852 2923 1008 3007 superbus
1037 2934 1069 2988 et
1095 2940 1250 3008 arrogans

156 3029 335 3094 molestiam
355 3031 428 3094 inde
449 3032 555 3115 trahit,
577 3033 712 3116 aliisque
734 3033 805 3095 odio
827 3035 894 3097 erit.

157 3477 243 3547 251.
293 3475 339 3547 Hi
366 3493 453 3548 sunt
479 3472 610 3549 cameli
624 3472 979 3549 cumincolumitate
1005 3502 1083 3548 sua.

241 3634 332 3698 Gens
353 3635 508 3717 quaedam
530 3633 748 3719 proficiscens,
771 3637 818 3697 sio
838 3643 992 3716 narratur,
1013 3634 1044 3696 in
1066 3633 1159 3695 domo
1180 3651 1252 3695 om-

157 3743 229 3804 nino
253 3742 456 3828 emaciatum,
480 3753 514 3807 ut
534 3762 667 3825 surgere
688 3763 750 3805 non
772 3750 903 3824 posset,
926 3739 1040 3802 cameli
1058 3740 1175 3820 pullum
1195 3759 1251 3801 re-

157 3851 296 3931 liquerat.
338 3851 487 3934 Hyaena,
514 3869 594 3932 quae
617 3869 689 3911 eum
711 3859 858 3932 ceperat,
881 3849 1029 3931 specius
1056 3853 1170 3928 postea
1189 3866 1252 3928 po-

157 3956 254 4019 tiundi
274 3959 356 4025 freta
384 3960 565 4043 pabulatum
591 3974 663 4018 eum
691 3956 815 4018 dimisit.
857 3955 903 4018 At
923 3974 1001 4017 vero
1029 3952 1131 4035 pullus
1158 3971 1252 4035 quum

157 4069 271 4150 pabulo
307 4069 474 4152 saginatus
505 4066 651 4149 hyaenae
684 4082 775 4146 spem
805 4063 929 4124 omniuo
956 4060 1143 4141 fefellisset,
1171 4057 1253 4119 haee

158 4170 190 4237 in
210 4175 273 4236 ista
292 4176 393 4238 verba
414 4176 523 4257 erupit.
570 4175 758 4258 Proverhio,
780 4172 881 4234 virum
902 4191 923 4234 a
943 4169 1034 4234 nohis
1053 4153 1253 4236 'contemtum

162 4291 320 4347 oontemtu
343 4283 470 4365 dignum
493 4303 554 4346 non
577 4283 688 4364 fuisse,
712 4283 881 4347 deelarant.
