3044 4938
588 321 812 386 -173-

157 515 255 569 esset.
275 505 392 568 Ferrea
404 505 500 568 futuri
511 505 696 587 paregogiei
709 505 748 566 ob
759 504 953 567 antecedens
969 505 1004 585 la,
1026 515 1061 568 ut
1073 508 1124 569 vis
1136 508 1239 582 addas·

156 635 206 690 tur
226 629 343 711 verbis,
358 626 497 689 adhibita
513 624 632 688 dicitm.
662 626 727 688 Aut
742 628 891 690 omissum
906 637 956 691 est
975 627 1055 718 puli,
1077 639 1111 692 ut
1126 631 1169 693 sit
1183 651 1239 712 pro

155 753 254 838 mli
280 752 343 839 ,lit
359 753 451 854 &atq
468 747 658 835 „Occiditur
673 751 797 813 occisor
812 747 936 814 occisi“
958 762 1013 815 aut
1026 771 1109 816 voce
1128 755 1240 841 wli

156 877 334 959 eccisus,
364 874 433 954 ipse
459 873 767 954 Ebu-Aldjoaihdus
789 877 992 968 significatur.
1033 880 1240 942 Proverbium

156 983 269 1066 legitur
298 980 380 1063 apud
401 981 611 1045 Bertheauu'm
631 985 650 1044 l.
672 1001 701 1044 c.
715 1004 744 1064 p.
759 984 807 1046 13.
826 990 904 1047 text.
924 985 981 1047 Ar.
999 986 1239 1049 Semachacha-

154 1091 218 1152 rius
240 1098 346 1152 autem
367 1089 416 1151 sic
435 1089 600 1154 adnotavit
618 1093 820 1173 proverbium
844 1094 953 1176 μω
978 1098 1064 1178 μυ
1089 1095 1114 1160 la
1138 1092 1240 1210 ,M

156 1223 188 1276 et
209 1221 334 1294 praeter
354 1213 446 1277 istam
467 1233 487 1276 a
507 1235 559 1278 me
581 1235 622 1278 ex
643 1215 796 1278 Meidanii
817 1235 914 1296 opere
934 1216 1072 1278 adlatam
1094 1216 1238 1298 explica-

155 1320 273 1382 tionem
300 1317 392 1380 aliam
418 1320 513 1382 talem
543 1320 637 1383 dedit.
680 1321 759 1403 Vir,
788 1321 840 1403 qui
865 1321 981 1383 frustra
1008 1321 1123 1384 inimici
1149 1322 1239 1384 occi-

155 1423 250 1487 dendi
270 1428 472 1494 occasionem
493 1431 709 1512 quaesiverat,
732 1449 802 1490 eum
823 1445 905 1509 pace
918 1427 1005 1491 iacta
1019 1435 1052 1488 et
1068 1427 1240 1491 securitate

154 1531 309 1611 promissa
329 1534 454 1596 occidit.
496 1536 614 1598 Verbis
633 1535 805 1618 proverbii,
827 1535 939 1618 quibus
959 1538 1116 1619 utebatur,
1136 1536 1240 1619 signi-
1277 1550 1285 1572 e

154 1639 253 1702 ficare
273 1640 304 1701 in
326 1643 428 1705 auimo
448 1644 602 1724 habebat3
627 1648 732 1725 plures
758 1662 835 1706 esse
862 1643 1028 1706 occidendi
1048 1645 1178 1730 modos,
1207 1653 1242 1706 ut

153 1744 223 1826 ipsa
243 1764 315 1826 pan¹
329 1764 487 1812 concessa
504 1752 658 1816 incorum
677 1772 806 1815 numero
821 1762 919 1815 esset
947 1754 1122 1816 Adhibetur
1134 1761 1240 1816 autem

151 1854 351 1933 proverbium
373 1857 413 1920 de
425 1858 564 1944 astutiis,
587 1877 666 1940 quas
687 1860 760 1942 quis
780 1860 925 1945 instituit,
947 1869 982 1923 ut
1003 1860 1159 1924 desiderio
1181 1879 1240 1922 suo

150 1962 340 2028 sotisfwiet.
614 2047 618 2056 q

421 2075 697 2291 laete
733 2096 880 2278 ern
943 2179 991 2228 w

151 2358 210 2424 77.
263 2349 404 2427 Contra
427 2379 491 2428 eos
518 2309 676 2428 clamare
701 2356 840 2456 incipe!
874 2351 1033 2452 fugient.

233 2526 344 2589 Virum
365 2529 521 2609 quendam
542 2530 630 2591 alteri
650 2530 790 2592 iniuriam
811 2529 954 2590 intulisse
975 2532 1117 2611 narrant,
1153 2532 1186 2584 et
1206 2532 1240 2585 ut

151 2631 280 2694 alterius
312 2633 574 2716 vituperationem
605 2635 780 2718 effugeret,
817 2635 856 2696 de
890 2636 961 2717 ipso
994 2631 1077 2714 apud
1105 2627 1239 2691 eundem

153 2739 240 2820 queri
270 2739 438 2821 incepisse.
479 2743 530 2803 De
550 2741 677 2824 iniusto,
699 2741 751 2823 qui
776 2742 884 2803 iniuria
904 2758 942 2801 se
962 2740 1113 2801 violatum
1138 2736 1238 2798 simu-

152 2847 213 2929 lat,
248 2853 283 2907 ut
312 2846 379 2910 eius
412 2849 531 2913 factum
559 2848 683 2911 silentio
714 2848 995 2929 praetermittatur,
1024 2843 1238 2926 proverbium,

150 2972 214 3035 quo
226 2954 343 3038 vulgus
357 2957 468 3040 utitur,
489 2957 646 3022 adhibent.
668 2957 751 3020 conf.
766 2955 888 3020 Schult.
908 2973 997 3038 prov.
1018 2952 1115 3016 Meid.
1137 2973 1166 3035 p.
1187 2949 1238 3013 22.

407 3213 550 3280 m
584 3141 686 3322 quiz,
721 3129 890 3320 garsii
960 3211 1008 3259 n

150 3399 209 3496 ⁷.3‘
257 3389 385 3491 Incipe
415 3385 486 3462 illis
518 3385 661 3476 dicere,
693 3383 863 3460 Ahfahlil
913 3387 952 3458 in
986 3387 1237 3487 captivitatem

255 3512 452 3588 abducaris
468 3517 476 3586 1

211 3682 305 3742 Hanc
318 3679 474 3762 proverbii
490 3679 643 3760 originem
656 3677 757 3739 luisse
770 3683 906 3740 nunant.
930 3674 1059 3740 Sahdus
1074 3672 1237 3738 ben-Said

148 3789 262 3851 Manat
274 3787 449 3850 llahamam
463 3787 559 3849 liliam
571 3784 772 3865 Alchesredji
784 3783 1074 3848 ben-Taim-Allah
1084 3780 1235 3864 pulcher-

149 3896 258 3959 rimam
271 3896 418 3958 leminam
432 3896 463 3956 in
482 3891 709 3957 matrimonium
732 3893 874 3956 duxerat.
919 3892 1024 3971 Quam
1045 3908 1138 3971 quum
1160 3885 1235 3950 reli-

148 4002 287 4081 quaeviri
301 4017 419 4063 uxores
432 4000 621 4084 ignominiae
642 3997 766 4059 nomine
782 3997 867 4064 aaliz
887 3997 921 4073 (i.
942 4017 969 4058 o.
992 3994 1100 4057 morbo
1121 3995 1152 4054 in
1172 4013 1236 4075 pu·

148 4123 259 4188 dendis
279 4127 344 4188 vel
366 4125 476 4188 duritie
495 4127 527 4188 in
548 4133 638 4188 utero
661 4122 827 4202 laborans)
848 4123 1052 4207 appellarent,
1068 4129 1180 4203 mater,
1202 4127 1236 4181 ut

148 4232 218 4296 illas
235 4234 334 4297 verbe
348 4233 493 4314 (Ahlali)
509 4235 641 4317 primum
661 4236 880 4318 alloqueretur,
901 4232 1009 4294 sumit.
1037 4229 1234 4294 Vocabulum
