2982 4934
561 323 789 392 '‘ml-⁸·

130 510 209 584 175
254 509 383 609 Maius
425 519 496 592 eet,
536 531 650 606 qoam
684 522 805 584 motus
840 535 861 580 a
895 523 1070 582 venatore
1110 532 1222 582 manu

270 633 382 710 super
408 605 566 682 lacertae
593 605 751 685 latibulo
777 606 909 682 faetus·

208 737 259 796 De
279 753 319 802 eo
341 733 472 816 dicitur,
494 733 549 815 qui
568 734 686 800 rodum
707 735 820 820 timens
840 734 961 802 maiore
983 733 1138 800 adficitur.
1180 735 1224 804 Ut

126 845 278 910 lacertam
306 843 429 928 capiat,
462 843 596 908 venator
625 860 723 927 super
754 844 822 928 eius
848 842 977 906 latibulo
1005 861 1100 906 manu
1121 839 1224 906 solum

128 953 239 1036 tangit.
282 953 405 1018 Potens
435 951 518 1012 enim
546 951 684 1035 lacerto,
715 960 896 1034 cerpentem
925 970 1022 1032 super
1049 971 1088 1016 eo
1110 969 1224 1033 repere

127 1073 161 1126 et
181 1062 315 1126 caudam
338 1062 476 1148 erigens,
499 1069 535 1124 ut
556 1069 736 1142 serpentem
757 1061 860 1145 feriat,
877 1080 898 1124 a
916 1069 1072 1124 venatore
1094 1061 1224 1144 capitur.

126 1155 312 1234 llle'autem
334 1167 496 1230 venatoris
517 1176 623 1232 motus
644 1188 741 1230 manu
767 1169 874 1231 factus
904 1180 1014 1266 υἱ.»
1041 1171 1224 1252 appellatur.

127 1293 181 1357 Ad
209 1292 409 1376 proverbium
437 1292 659 1373 explicandum
687 1295 826 1360 fabulam
853 1293 1016 1357 adferunt:
1053 1295 1224 1368 Lacertam

128 1401 211 1483 pullo
233 1418 294 1462 suo
313 1398 450 1464 dixisse:
471 1397 612 1498 albiola
628 1401 681 1483 mi,
711 1417 795 1463 cave
815 1420 883 1478 rem
904 1413 995 1498 Q>
1016 1393 1224 1482 appellatam!

129 1531 162 1584 et
183 1523 299 1604 pullum
319 1523 553 1607 interrogasse,
581 1523 654 1605 quid
682 1535 772 1625 Ua?
800 1531 897 1588 esset.
941 1523 1046 1602 Quum
1074 1543 1153 1585 vero
1174 1525 1226 1585 la-

129 1657 217 1710 certa
236 1647 319 1728 pullo
342 1667 409 1710 rem
432 1647 643 1730 describeret,
660 1639 829 1729 accidisse,
847 1652 883 1710 'ut
903 1650 1044 1711 lacertae
1064 1626 1226 1712 latibulum

130 1760 335 1822 instrumento
357 1761 449 1854 abas
470 1756 627 1838 appellato
650 1756 876 1820 destrueretur.
920 1760 1000 1820 'l'um
1021 1760 1104 1840 pullo
1125 1758 1227 1839 inter-

128 1883 271 1964 roganti,
301 1899 374 1942 num
396 1880 470 1942 illud
484 1857 591 1978 αλ.)
612 1869 714 1964 esset,
729 1879 937 1962 respondisse
958 1883 1128 1945 lacertam:
1151 1877 1228 1949 luka

128 1990 259 2106 obl-l·
243 2043 286 2093 p„
311 2011 384 2092 ,lot
415 2007 508 2068 oHoo
536 2006 637 2068 maius
668 2012 735 2086 eat,
770 2022 864 2085 quam
892 2013 997 2068 motus
1024 2024 1046 2067 a
1073 2016 1228 2070 venatore

129 2151 223 2195 manu
244 2132 382 2194 factuam
426 2131 520 2194 Conl.
543 2130 666 2194 Schult.
687 2147 777 2208 prov
799 2128 898 2190 Meid.
919 2151 949 2211 p.
974 2129 1041 2192 127.

484 2257 553 2388 {aa
588 2331 654 2446 0⁸
691 2293 786 2434 Q:sl
860 2306 910 2388 ivi

135 2495 217 2565 176.
267 2493 452 2577 Insanior,
480 2517 592 2592 quam
618 2487 783 2562 Dollah.

215 2617 342 2678 Nomen
363 2617 423 2676 viri
445 2625 513 2677 erat
529 2614 669 2678 Dokkah
690 2616 771 2677 ben-
774 2615 921 2696 Olibajah
942 2618 1024 2678 ben·
1025 2617 1128 2678 Asma
1148 2584 1266 2678 beu-¹

134 2722 316 2803 Charidjah.
350 2720 593 2784 Mohammedes
622 2721 713 2782 ben·
718 2722 822 2784 Habib
853 2723 1053 2803 proverbium
1082 2722 1231 2794 adserens

133 2834 175 2896 oil
205 2833 275 2893 eius
304 2828 483 2912 explicandi
511 2846 612 2890 causa
640 2827 767 2892 addidit.
811 2828 904 2892 Coos.
931 2829 1040 2913 Korn,
1071 2830 1230 2894 Soharal-

133 2938 237 3002 Aldin.
259 2937 471 3003 Samaolasch.
494 2931 632 3002 Sohult
639 2957 729 3018 prov.
752 2937 850 3000 Meid.
872 2958 918 3082 p.
925 2937 995 3002 130.

328 3030 500 3239 tam
525 3035 649 3222 ὦ
681 3123 748 3239 αα
786 3036 918 3228 &⁷²3
988 3104 1046 3179 ov

138 3290 217 3357 177.
268 3279 437 3371 Aridior,
462 3307 576 3382 quom
601 3283 736 3382 captivi
763 3279 869 3354 fumi·

215 3406 519 3470 Abu-Obbaidehus
541 3405 631 3487 dixit,
653 3407 714 3468 bos
735 3409 840 3470 fuisse
861 3409 948 3470 viros
970 3409 1077 3490 gentis
1096 3409 1229 3489 lomim,

135 3517 187 3597 qui
208 3517 401 3578 camelorum
423 3533 540 3597 agmen
563 3514 677 3578 Cosroi
698 3523 841 3579 aromata
868 3525 901 3576 et
928 3534 1051 3596 pannos
1073 3515 1230 3597 pretiosos

135 3624 366 3707 adportantium
387 3622 530 3704 praedati
553 3631 672 3690 essent.
706 3603 1017 3688 'ubo-Atohrabius
1053 3632 1160 3688 autem
1190 3621 1231 3684 ad

134 3743 263 3816 gentem
280 3731 459 3795 Heotselah
479 3731 550 3794 illos
571 3731 762 3812 pertinuisse
783 3731 954 3794 contendit.
983 3731 1125 3793 Cosroes
1147 3745 1232 3812 prc-

136 3841 221 3905 iecto
242 3861 302 3904 suo
323 3842 356 3902 in
377 3841 541 3921 provincia
562 3840 698 3902 Baluain
725 3839 906 3902 mandatum
936 3840 1082 3917 miserat,
1112 3844 1147 3897 ut
1175 3855 1232 3896 eos

136 3947 176 4011 ad
198 3951 292 4030 epula
319 3947 458 4010 invitans
491 3949 522 4009 in
544 3965 651 4010 arcem
675 3945 932 4010 Almoschakkar
958 3945 1148 4025 appellatam
1171 3942 1232 4004 illi-

136 4066 226 4120 oeret
248 4057 353 4137 ibique
373 4055 532 4120 retineret.
575 4057 677 4120 ll'umo
699 4064 804 4118 autem
830 4071 948 4136 magno
977 4050 1120 4131 seducti,
1149 4049 1233 4132 quod

136 4164 247 4245 epulas
266 4164 345 4245 ipsis
366 4164 469 4243 parari
497 4172 660 4248 putarent,
693 4164 734 4229 illi
761 4163 791 4224 in
818 4179 925 4225 arcem
948 4161 1107 4222 intrarunt.
1150 4160 1233 4220 Pars

137 4269 360 4351 occidebatur,
397 4289 472 4351 pars
499 4273 587 4352 operi
623 4273 759 4344 molesto
795 4267 983 4334 aedificandi
1018 4266 1234 4335 adhibebatur.
