2948 4948
272 1095 642 1266 meruonrr
693 1129 1139 1238 pravorum.

623 1439 774 1468 ,ἥψ-

588 1582 737 1700 Caput
774 1587 811 1672 Ι.

443 1848 675 1919 thtera
718 1849 958 1918 flamma.

60 2551 63 2560 ι
156 2471 185 2538 1.
238 2465 282 2534 In
309 2460 472 2562 quadam
493 2459 708 2564 eloquentia
734 2461 909 2565 profecto
936 2465 990 2534 vis
1017 2463 1160 2562 magica
1187 2477 1252 2534 est.

236 2640 402 2702 Proverbii
422 2649 587 2702 auctorem
609 2641 719 2701 dieunt
740 2657 817 2700 esse
831 2638 1092 2700 Mohammedem
1114 2648 1147 2699 et
1168 2637 1253 2699 hano

157 2745 256 2807 luisse
278 2765 421 2809 oausam.
465 2749 546 2808 'l'res
568 2748 629 2807 viri
650 2746 813 2807 Ahmruus
835 2733 1085 2829 ben-Alabum,
1113 2745 1252 2807 Alsibri-

155 2857 256 2916 kanus
285 2856 455 2918 ben-Badr
476 2867 508 2920 et
529 2846 653 2918 Kaisus
674 2855 892 2940 ben-Ahzim,
916 2872 1013 2936 quum
1035 2854 1076 2916 ad
1098 2853 1252 2917 Moham-

152 2963 278 3025 medem
300 2965 540 3049 accessissent·
556 2964 608 3026 hio
629 2965 763 3046 primum
785 2985 894 3028 eorum
909 2964 950 3026 de
965 2964 1169 3027 Alsibrikano
1191 2963 1253 3026 sibi

152 3074 262 3154 ignoto
290 3075 508 3156 interrogavit.
557 3077 780 3156 Interrogatus
809 3094 1000 3158 quamquam
1027 3073 1154 3136 laudem
1181 3073 1252 3134 viro

151 3163 326 3269 tribuebat,
356 3194 462 3246 tamen
491 3164 696 3269 Sibrikanusj
726 3203 799 3246 eum
829 3185 901 3247 odio
930 3189 1123 3247 commotum
1149 3184 1250 3267 plura,
1316 3212 1318 3217 .

151 3308 234 3371 quae
264 3292 324 3354 sibi
353 3291 437 3353 laudi
472 3302 600 3378 essent,
636 3293 735 3362 tacita
769 3293 938 3374 reliquisse
967 3292 1055 3354 dixit.
1108 3291 1182 3370 Qua
1211 3290 1251 3352 de

150 3415 254 3459 eausa
275 3398 439 3460 Ahmruus
467 3401 567 3462 iratus
596 3402 686 3482 plura
712 3400 833 3462 addidit
862 3400 903 3462 de
931 3401 1000 3462 viro
1028 3401 1157 3462 minime
1178 3401 1251 3462 lau-

151 3506 268 3589 danda,
299 3527 395 3589 quum
424 3510 455 3570 in
485 3509 695 3572 describendo
724 3511 804 3592 viro⁷
835 3519 901 3571 tum
929 3510 959 3570 in
989 3528 1026 3570 se
1049 3508 1250 3571 defendendo

150 3615 331 3695 eloquentia
360 3635 476 3678 usus..
502 3616 626 3695 Quibus
656 3607 772 3680 auditis
800 3617 1065 3702 Mohammedes7
1094 3618 1250 3698 eloquen-

148 3722 227 3783 tiam
249 3723 315 3784 vim
343 3723 460 3785 habere
491 3726 661 3787 maximam
690 3727 721 3786 in
749 3725 909 3787 hominum
938 3727 1060 3786 animos
1066 3770 1078 3809 7
1115 3735 1150 3787 ut
1179 3745 1249 3810 eos,

149 3831 237 3892 siout
257 3831 310 3891 vis
332 3833 471 3916 magica,
494 3851 558 3914 quo
579 3834 668 3914 velit,
692 3832 852 3917 deflectat,
875 3833 1127 3918 significaturus,
1150 3809 1274 3895 verbax

148 3937 245 3999 modo
274 3938 424 4021 laudata,
453 3959 534 4021 quae
556 3951 671 4022 postea
692 3943 722 4002 in
744 3942 946 4021 proverbium
967 3949 1143 4024 venerunt,
1172 3961 1248 4022 pro-

148 4047 227 4108 tulit.
277 4047 486 4109 Proverbium
515 4049 693 4133 significat,
722 4050 826 4110 virum
853 4051 934 4112 bene
956 4050 1096 4110 locutum
1119 4065 1196 4108 esse
1218 4057 1250 4108 et
1346 4085 1350 4098 ·

150 4163 340 4236 argumenta
367 4157 447 4218 satis
477 4155 584 4218 valida
610 4157 774 4220 adtulisse.
817 4157 952 4219 Kamusi
979 4165 1091 4218 auctor
1112 4173 1248 4236 prover-

151 4263 235 4325 bium
257 4263 432 4328 aduotavit.
470 4265 563 4328 Couf.
587 4267 782 4330 Schulteusii
802 4268 948 4348 proverb.
970 4265 1071 4327 Meid·
1090 4285 1120 4346 p.
1142 4262 1214 4326 256.

1032 4405 1048 4472 1
