2988 4952
612 365 830 410 -vll-

184 534 421 616 proverbiorum
435 541 535 604 metra
552 532 742 615 speetontia,
757 547 818 594 neu
831 551 897 594 non·
908 531 970 594 alia
982 528 1135 595 adnotare
1157 531 1270 614 negle-

184 675 309 749 xerant,
332 686 372 730 ea
392 667 463 748 ipse
483 664 597 727 addidi.
629 665 805 744 Quomlnus
825 631 933 726 autem
954 664 1061 745 plures
1081 661 1270 724 multisfor-

184 807 275 862 tasse
284 807 405 881 gratas,
414 797 602 880 quibusdam
614 798 812 860 neeesserlas
823 795 1053 878 adnotationes,
1066 815 1198 882 quorum
1208 763 1269 858 ue-

184 950 245 1014 que
259 931 388 994 ooeasio
399 947 503 1012 neque
522 931 651 993 moterlo
662 930 735 993 mihi
749 927 867 1014 deerat,
876 929 1056 1013 adiieerem,
1072 917 1188 1013 m'agna
1201 931 1268 994 libri

182 1041 283 1127 moles
298 1061 478 1145 impedivit,
497 1063 644 1127 timebam
666 1063 761 1146 enlm,
786 1081 830 1125 ne
847 1061 987 1145 pluribus
1008 1063 1123 1128 aeditis
1140 1033 1268 1128 nimium

182 1202 394 1258 aemeseeret.
428 1193 470 1256 Et
485 1193 623 1262 studium
639 1201 672 1256 ot
692 1191 882 1256 desiderium
902 1194 963 1257 hae
982 1195 1014 1256 in
1035 1213 1070 1256 re
1090 1195 1268 1277 sepissime

181 1325 393 1393 ooereeodum
421 1335 497 1389 erat
541 1326 635 1406 Quod
661 1307 846 1391 recentioris
872 1320 946 1392 aevi
975 1331 1141 1412 proverbia
1166 1331 1267 1394 rarius

182 1468 306 1528 tantum
337 1458 587 1524 adnotationibus
619 1461 793 1545 illustravi,
832 1459 864 1522 id
898 1479 938 1524 ue
974 1463 1086 1526 mirum
1112 1462 1266 1526 videatur.

181 1593 306 1657 Arabes
334 1603 393 1658 aut¹
415 1593 500 1677 quod
533 1597 565 1658 iu
591 1595 630 1659 iis
650 1596 692 1659 nil
713 1597 851 1680 ambigui
871 1595 1016 1659 viderent
1034 1604 1089 1660 aut
1108 1595 1158 1658 sul
1179 1604 1265 1659 tem-

180 1726 428 1810 porishomines
446 1729 629 1814 ambiguum
647 1730 759 1794 tollere
787 1749 886 1812 posse
906 1739 1063 1817 putarent,
1086 1730 1266 1796 adnotatio-

179 1877 238 1924 nes
265 1877 335 1922 raro
363 1855 558 1919 addiderunt.
599 1857 672 1938 llige
701 1857 880 1919 reeentiora
907 1857 1076 1938 proverbia
1103 1855 1188 1938 quod
1210 1865 1267 1919 aut

178 1994 220 2055 nil
242 1990 326 2054 dubii
346 1988 461 2052 offerre
480 1988 661 2053 viderentur
682 1996 736 2053 aut
748 2009 801 2051 ‘ex
822 1990 1009 2072 seriptorum
1028 1990 1127 2072 loeis,
1153 1990 1267 2072 aqui-

178 2126 238 2188 bus
265 2125 405 2189 adbibita
421 2108 511 2209 siut,
540 2127 620 2190 satis
640 2125 721 2188 lueis
748 2124 921 2206 aeolpiant,
951 2124 1112 2206 explicare
1136 2124 1266 2206 saepius

177 2259 337 2324 intermisi.
381 2257 568 2322 Cavendum
588 2275 713 2340 quoque
735 2264 822 2340 erat,
850 2256 991 2320 nemeis
1012 2256 1266 2322 adnotationibus

177 2393 324 2474 legentes
345 2391 376 2453 in
397 2391 482 2454 viem
508 2391 621 2454 falsam
646 2388 811 2470 dueerem,
841 2388 961 2451 laetum
989 2388 1074 2450 enim
1094 2397 1147 2449 est
1165 2387 1266 2449 inter-

177 2523 268 2604 dum,
295 2531 330 2586 ιιι
355 2531 410 2586 aut
438 2523 597 2604 proverbii
622 2505 702 2585 usus
723 2541 743 2585 a
763 2521 933 2584 verborum
954 2521 1077 2583 ratione
1101 2517 1285 2582 deflexerit

178 2663 234 2717 aut
251 2652 360 2716 varius
380 2651 579 2732 intelligendi
592 2651 719 2734 modus,
741 2651 774 2714 id
790 2652 873 2734 qued
891 2654 924 2713 in
944 2651 1122 2732 proverbiis
1146 2651 1265 2732 sepios

177 2780 312 2864 aeeidit,
333 2783 373 2845 ab
393 2780 551 2844 Arabibus
570 2783 649 2862 ipsis
668 2780 831 2843 admissus
859 2780 910 2842 sit
951 2781 1052 2842 Erunt
1071 2788 1177 2844 autem
1197 2782 1266 2845 tor-

176 2923 266 2978 tesso
271 2959 283 2998 ,
309 2915 364 2998 qui
383 2914 418 2977 in·
435 2912 611 2996 proverbiis
632 2909 763 2978 odendis
782 2910 933 2975 lleidanii
952 2910 1093 2976 ordinem
1118 2919 1264 2976 seeutum

175 3067 228 3112 me
248 3065 326 3109 esse
345 3046 534 3127 vituperent
575 3045 619 3131 li,
641 3044 669 3108 si
689 3045 744 3126 qui
762 3052 853 3127 sunt,
875 3052 942 3106 tres
962 3044 1038 3106 milri
1058 3045 1161 3108 luisse
1182 3065 1263 3110 eau-

174 3197 244 3262 sas,
265 3180 378 3243 seiont.
419 3179 560 3243 Primum
580 3179 662 3242 enirn
683 3179 844 3261 seripturis
871 3179 1036 3245 ouiusdam
1059 3199 1139 3262 opus
1161 3180 1262 3244 eden·

174 3314 216 3376 tis
240 3331 319 3396 erga
338 3314 526 3396 seripterem
549 3314 689 3379 officium
710 3314 785 3377 mihi
806 3333 881 3378 esse
901 3316 1046 3396 videtur,
1075 3323 1110 3378 ut
1136 3317 1261 3379 aseri-

173 3452 266 3526 ptore
294 3441 518 3526 observatum,
546 3441 621 3504 lieet
647 3459 721 3504 eum
747 3459 810 3504 non
833 3440 948 3523 probet
956 3440 1004 3524 ¹),
1031 3441 1171 3506 ordinem
1198 3462 1262 3506 non

173 3577 278 3640 turbet
298 3578 353 3640 vel
380 3578 506 3640 omnino
533 3585 651 3660 mutet,
671 3585 747 3675 ,tum
776 3576 806 3638 si
830 3583 930 3638 totum
949 3575 1099 3640 Meidunii
1120 3575 1260 3640 ordinem

172 3716 367 3790 mutassem,
394 3728 436 3772 ne
455 3707 487 3771 id
507 3715 651 3771 nostrum
672 3723 755 3789 opus
775 3719 849 3768 eum
869 3703 1138 3789 Meiduniiopere
1157 3710 1259 3775 oolla..

172 3842 252 3904 turis
273 3860 422 3927 magnam
439 3842 619 3906 molestiam
640 3849 822 3906 creaturum
842 3846 942 3920 esset,
969 3839 1118 3906 timebam
1138 3851 1258 3908 mutato

190 4105 219 4164 l)
236 4103 322 4170 Quem
344 4105 372 4158 ln
395 4106 564 4172 disponendis
591 4110 740 4173 proverbiis
760 4109 911 4164 Mddanlus
932 4113 1052 4166 ordinata
1072 4101 1183 4166 secutus
1205 4120 1258 4184 est,

235 4201 296 4240 enm
318 4190 345 4240 ln
366 4189 478 4256 singulis
499 4193 615 4256 probare
635 4207 690 4245 non
712 4207 828 4257 possum
863 4197 989 4258 sequitur
1009 4198 1036 4248 ln
1056 4199 1170 4262 eapitum
1186 4199 1257 4251 serie

237 4271 386 4323 litterarum
408 4275 611 4342 ordinemsed
633 4278 660 4328 ln
687 4278 816 4342 oapltlbus
836 4279 944 4343 singula
964 4281 1002 4330 tta
1022 4280 1105 4334 mixte
1120 4287 1200 4348 sunt,
1218 4286 1256 4347 ιιι,

237 4360 370 4420 quodnam
385 4358 507 4411 alluerit
523 4361 679 4425 disponendi
696 4361 849 4431 eonsilium,
870 4376 925 4416 non
946 4364 1060 4416 videam.
