2996 4928
728 359 957 422 -608-·-

598 566 675 723 tLp‘
693 553 807 742 §.si
839 577 1020 721 giht}
1092 620 1124 697 t.

301 809 361 878 20.
411 799 572 880 Brachia
596 827 678 874 mea
702 827 761 874 eas
788 795 937 898 (soleas)
963 801 1078 900 magis
1106 799 1344 874 custodiunt.

381 929 493 992 Verbo
523 930 605 993 haee
636 929 776 992 Malieus
810 927 989 992 ben-Said
1020 930 1136 992 Manet
1169 930 1408 992 ben-Tamim

298 1036 387 1100 dixit.
428 1038 512 1100 Rem
540 1037 588 1100 sie
615 1043 752 1100 narrant.
793 1036 907 1098 Virum
933 1036 1036 1120 huna,
1067 1037 1121 1118 qui
1149 1039 1267 1101 stultus
1289 1047 1406 1122 esset,

296 1145 397 1208 frater
427 1142 558 1208 Sahdus
592 1145 684 1206 ben·
697 1142 776 1206 Said
812 1161 886 1204 oum
918 1143 1054 1204 Novaro
1086 1141 1151 1204 filia
1179 1146 1266 1206 Halli
1300 1146 1407 1241 (μ)

296 1244 480 1308 ben-Ahdi
505 1246 703 1309 matrimonio
736 1248 869 1342 iupgere
897 1246 1037 1308 volebat.
1087 1245 1193 1326 Quum
1223 1247 1340 1308 mulier
1371 1248 1406 1308 in

296 1352 380 1416 illius
414 1353 542 1416 domum
572 1353 752 1416 introducta
788 1361 894 1439 esset,
937 1351 1067 1414 Sahdus
1103 1373 1176 1415 eum
1207 1371 1337 1434 quoque
1373 1354 1406 1414 in

297 1458 427 1524 domum
455 1462 572 1524 intrare
601 1462 706 1524 iussit.
747 1461 888 1524 Molitus
917 1461 1047 1540 saepius
1075 1460 1183 1522 faeere
1209 1463 1405 1540 reor1savit5

296 1569 425 1634 tandem
450 1571 589 1634 intravit.
641 1570 744 1649 Quum
775 1570 898 1632 mulieri
919 1569 1226 1650 adpropinquasset,
1255 1569 1311 1630 illa
1340 1589 1404 1632 so-

201 1721 211 1731 .
295 1675 379 1761 lens,
400 1696 481 1759 quos
502 1677 640 1740 brachiis
662 1676 786 1740 duobus
809 1694 968 1758 appensos
990 1675 1131 1752 tenebat,
1156 1683 1191 1736 ut
1207 1674 1401 1756 deponeret,

296 1805 368 1850 eum
395 1785 563 1848 adhortata
589 1795 649 1848 est.
691 1787 737 1847 At
764 1804 833 1846 rem
861 1804 924 1846 nou
950 1783 1073 1846 faciens
1101 1783 1263 1864 proverbii
1284 1787 1400 1846 verbis

294 1894 467 1976 respondit.
510 1894 592 1957 Tum
617 1895 689 1976 illo,
724 1913 821 1975 quum
847 1899 989 1956 aromata
1019 1891 1051 1954 in
1082 1892 1229 1974 podicem
1256 1892 1399 1974 inderet,

296 2022 317 2066 a
343 2003 432 2083 suis,
465 2001 538 2082 quid
571 2003 712 2086 faceret,
746 2003 978 2084 interrogatus:
1004 2003 1118 2100 &tbi
1145 2005 1234 2100 “aad
1259 2000 1399 2062 oPodex

294 2142 385 2185 meus
414 2123 563 2204 impurior
589 2122 652 2183 mei
680 2141 755 2203 pars
785 2130 854 2184 esto
885 2121 973 2184 dixit.
1016 2125 1113 2186 Haeo
1136 2142 1262 2205 quoque
1290 2125 1398 2185 verba

296 2231 328 2292 in
348 2229 549 2313 proverbium
570 2237 738 2291 venerunt.

828 2355 874 2398 ,Ξ
971 2355 1016 2400 οε

580 2355 874 2557 §1035th
906 2402 1017 2561 „ott
1088 2417 1118 2497 tt

294 2607 355 2678 21.
405 2600 543 2674 Potum
567 2599 704 2700 praebe
730 2595 839 2672 fratri
866 2616 933 2673 tuo
960 2599 1190 2678 Nameritae!
1336 2681 1339 2692 ¹

373 2729 509 2791 Kamusi
538 2737 656 2806 autem!
672 2735 784 2790 auctor
810 2727 951 2840 &³5⁰²
980 2736 1035 2790 out
1063 2736 1173 2810 potum
1203 2727 1393 2788 matutinum

291 2843 396 2906 bibat«
419 2841 515 2905 addit.
551 2840 813 2906 Abu-Olibaidds
834 2864 902 2906 rem
925 2846 973 2906 sio
994 2848 1144 2908 narravit.
1177 2848 1237 2910 Vir
1262 2848 1392 2930 quidam

290 2973 312 3016 a
332 2961 431 3034 gente
451 2953 593 3016 Ainamir
622 2951 822 3015 ben-Kasith
850 2974 912 3018 una
939 2973 1011 3018 cum
1034 2957 1166 3022 Caohbo
1196 2959 1392 3020 ben-Marna

291 3061 352 3124 iter
373 3061 459 3124 feeit
502 3063 607 3125 'Panto
635 3069 745 3124 autem
765 3081 869 3143 aquae
896 3063 1003 3144 inopia
1032 3074 1116 3148 erat,
1146 3075 1180 3128 ut
1205 3069 1326 3149 glareis
1349 3067 1391 3128 ad

291 3167 486 3232 definiendas
515 3185 618 3250 aquae
644 3169 806 3250 portiones
834 3177 1006 3234 uterentur.
1050 3171 1157 3251 Quum
1181 3173 1311 3236 bibendi
1330 3194 1390 3238 se-

290 3274 355 3336 ries
376 3274 417 3336 ad
434 3273 597 3338 Caahbum
618 3277 775 3359 venisset,
798 3279 967 3342 Namerita
992 3265 1064 3344 euin
1085 3283 1245 3365 adspexit.
1275 3282 1390 3346 Cath-

291 3381 352 3442 bus
380 3381 448 3442 eius
476 3382 572 3442 mutis
594 3383 741 3463 precibus
764 3395 942 3458 commotus
968 3407 1059 3450 suom
1082 3408 1183 3471 aquae
1210 3391 1389 3470 portionem

290 3487 475 3552 Nameritae
497 3491 651 3570 praebere
671 3490 911 3556 distribuentem
938 3496 1042 3559 iussit.
1080 3498 1138 3560 Sic
1156 3497 1311 3560 Cashbus
1334 3499 1390 3560 sa-

290 3616 364 3660 oete
383 3597 533 3678 perrexit,
557 3596 659 3659 donee
681 3618 784 3680 aquae
804 3602 846 3663 nil
864 3612 1053 3684 superesset
1079 3613 1110 3666 et
1132 3605 1202 3688 ipse
1224 3606 1278 3667 siti
1299 3607 1390 3687 peri-

290 3712 349 3768 ret.
390 3703 598 3765 Proverbium
634 3714 739 3767 autem
771 3707 803 3768 in
836 3728 908 3770 eum
939 3708 1122 3793 adhibetur,
1158 3712 1213 3792 qui
1244 3713 1390 3794 repetitis

290 3813 418 3876 vicibus
438 3830 506 3874 rem
528 3811 616 3893 petit.
640 3811 733 3876 Conf.
754 3834 846 3898 prov.
866 3820 951 3900 *25
976 3853 1020 3902 ς»
1045 3822 1148 3910 opi.
1187 3819 1225 3882 C.
1247 3821 1292 3904 V,
1318 3821 1389 3884 156.

544 3924 563 3955 c
606 3929 621 3944 .
737 3933 752 3948 .

545 3939 653 3974 thae
709 3954 753 3975 tw

288 4176 347 4245 22.
401 4173 539 4247 Potum
573 4176 711 4276 praebe
745 4127 989 4268 iiakoschisus,
1027 4205 1114 4250 narn
1146 4176 1224 4253 aliis
1251 4196 1382 4282 potum

402 4299 445 4346 eo
472 4272 561 4347 dare
587 4274 691 4350 solet.
