3026 4942
685 310 911 372 -tts-

254 493 337 566 360.
365 492 399 565 Is
423 490 593 592 profecto
608 490 831 565 detrimento
847 506 884 562 et
899 485 1065 566 interitui
1078 491 1263 563 obnoxius
1277 506 1342 564 est.

336 644 395 706 Vir
428 645 498 728 qui,
537 643 610 708 dum
645 661 712 704 rem
750 643 966 704 necessariam
998 643 1136 725 quaerit,
1172 643 1214 703 nil
1246 643 1343 725 facit,

254 750 449 811 describitur.
482 751 559 814 Vox
580 781 636 848 22?
666 768 738 811 cum
759 751 865 812 vocati
886 749 1020 812 Fatah
1047 750 1240 818 enuncianda
1261 752 1344 820 fuis-

252 883 315 957 set,
335 874 395 935 nisi
416 883 482 935 'vox
497 901 578 974 ,ρ
593 876 688 936 -Hur
710 877 951 937 antecessisset.

253 1267 338 1344 361.
391 1261 426 1334 Is
460 1263 622 1336 crastino
658 1258 717 1335 die
751 1262 871 1360 ipsum
918 1261 1150 1360 exspectanti
1182 1263 1344 1363 propin*

382 1412 481 1486 quus
514 1402 580 1458 est.

332 1537 507 1619 Proverbii,
530 1537 616 1618 quod
637 1535 868 1598 hemistichium
890 1536 982 1597 metri
1002 1533 1256 1616 Aiwafirest,
1279 1537 1344 1599 ori-

252 1645 359 1728 ginem
380 1647 477 1707 talem
497 1646 599 1706 fuisse
619 1653 756 1707 narrant.
789 1645 864 1708 Rex
885 1645 1107 1712 Alnohmanus
1124 1646 1343 1712 ben-Almon-

254 1755 319 1818 dsir
341 1755 392 1816 die
413 1755 551 1835 quodam
571 1756 696 1817 vehens
714 1774 797 1837 equo
812 1754 1039 1836 Adjahmum
1060 1757 1219 1836 appellato
1240 1776 1344 1818 vena-

251 1872 319 1925 tum
332 1863 497 1943 profectus
513 1873 588 1926 erat.
611 1865 738 1927 Accidit
751 1874 870 1948 autom,
886 1874 921 1927 ut
933 1885 1087 1948 onagrum
1100 1885 1296 1948 persequens
1312 1881 1346 1932 et

252 1995 272 2036 a
293 1976 361 2036 suis
384 1983 554 2054 separatus
575 1973 617 2035 od
638 1975 741 2035 virum
762 1975 870 2057 gentis
893 1974 1008 2058 unat,
1030 1975 1262 2037 Hentselalr
1283 1995 1345 2057 ap-

252 2080 465 2163 oppellatum,
494 2083 683 2162 perveniret.
724 2084 807 2165 Hic,
838 2083 985 2164 quamvis
1015 2083 1185 2148 admodum
1213 2104 1344 2169 pauper,

254 2203 347 2266 quum
360 2189 485 2252 unicam
501 2207 595 2251 ovem
616 2198 760 2252 mactans
782 2211 839 2271 per
854 2201 980 2253 noctem
1001 2188 1138 2282 hospitio
1150 2209 1260 2274 regem
1283 2212 1345 2256 ex-

254 2296 409 2379 cepisset,
432 2296 471 2358 ab
494 2296 606 2359 eodem
625 2306 755 2378 postero
771 2318 864 2360 mane
878 2300 1027 2383 monitus,
1046 2308 1080 2361 ut
1094 2299 1223 2378 hospitii
1236 2318 1345 2362 remu-

253 2405 447 2467 nerationem
469 2415 592 2487 peteret
603 2449 615 2488 ,
645 2423 682 2466 se
702 2408 860 2470 facturum
882 2426 959 2468 esse
980 2407 1130 2487 promisit.
1175 2406 1249 2469 Rex
1271 2425 1346 2468 cum

253 2515 350 2577 sociis
372 2514 511 2576 Hiram
532 2510 633 2576 rediit.
675 2515 790 2594 Aliquo
811 2522 953 2596 tompore
978 2524 1053 2595 past
1073 2515 1171 2579 Arabi
1192 2515 1233 2576 illi
1255 2515 1345 2587 cala-

253 2625 364 2686 mitate
385 2621 506 2684 afflicto
526 2639 637 2703 regem
658 2621 745 2682 adire
766 2623 796 2683 in
818 2623 921 2684 animo
938 2632 1014 2684 erat.
1050 2623 1129 2685 Dies
1143 2631 1260 2707 autern,
1284 2641 1345 2704 quo

254 2731 360 2793 Arabs
383 2730 424 2792 ad
445 2747 554 2811 rogem
576 2731 739 2812 pervenit,
768 2729 925 2793 infaustus
948 2732 999 2794 iiie
1021 2739 1102 2816 orat,
1119 2739 1164 2816 ut,
1187 2729 1344 2812 quemad-

254 2841 382 2903 modum
402 2841 486 2900 iliius
508 2840 659 2919 temporis
681 2859 751 2902 mos
773 2840 906 2924 ferebat,
929 2840 1151 2902 advenientem
1173 2838 1214 2900 ad
1235 2857 1345 2921 regern

255 2947 403 3008 occidere
425 2954 593 3027 oporteret.
629 2947 717 3030 Rex,
739 2958 910 3031 postquam
931 2950 1154 3012 advenientem
1177 2965 1346 3030 cognove-

254 3065 321 3140 rat,
350 3057 470 3137 petenti
497 3076 617 3118 moram
646 3058 733 3140 anni,
757 3057 785 3119 si
806 3061 886 3122 otius
908 3058 1034 3141 quidam
1055 3066 1152 3138 caput
1173 3075 1266 3118 suum
1283 3067 1345 3138 ‘pro

254 3165 325 3244 ipso
355 3164 546 3245 obligasset,
575 3165 746 3226 concessit.
790 3163 885 3243 Quod
911 3183 1006 3247 quum
1027 3161 1235 3224 Alsoharicus
1263 3165 1344 3226 ben-

255 3274 376 3336 Ahmru
402 3272 579 3334 ben-Kais
609 3293 627 3334 e
655 3283 752 3358 gente
783 3275 944 3338 Schaiban
964 3273 1118 3336 oriundus
1147 3273 1272 3355 roganti
1291 3259 1345 3333 ἢέ-

256 3396 331 3440 cere
354 3388 579 3462 recussasset,
601 3380 650 3440 vir
671 3379 799 3462 quidam
821 3390 956 3461 egente
978 3380 1071 3462 Calb,
1094 3382 1241 3446 Koradus
1263 3382 1345 3443 ben-

255 3483 383 3564 Adjdah
405 3489 581 3568 appellatus
602 3488 633 3548 in
654 3505 690 3548 so
713 3488 952 3568 remsuscepit.
982 3487 1091 3550 Arabs
1112 3489 1205 3572 igitur
1227 3509 1246 3552 a
1267 3507 1346 3571 rege

256 3593 437 3673 quingentis
465 3595 594 3656 camelis
624 3593 768 3676 donatuS,
805 3614 844 3657 ea
866 3593 1054 3677 conditione,
1082 3603 1116 3656 ut
1136 3606 1209 3677 post
1230 3614 1346 3659 annum

257 3701 369 3762 eodem
391 3700 441 3762 die
463 3709 690 3786 reverteretur,
721 3701 761 3762 ad
782 3700 931 3763 familiam
952 3699 1051 3762 rediit.
1093 3702 1177 3763 Anni
1198 3709 1343 3781 practor-

255 3807 337 3889 lapsi
358 3826 450 3891 quum
472 3807 594 3871 nonnisi
615 3826 695 3870 unus
717 3806 786 3870 dies
808 3816 1002 3891 superesset,
1024 3827 1082 3869 rex
1103 3808 1143 3870 de
1163 3810 1223 3868 viri
1242 3807 1346 3870 reditu

257 3912 401 3976 dubitans
422 3913 591 4000 Koradho,
622 3935 693 3977 eum
722 3934 814 3977 mane
842 3915 911 3976 sino
941 3914 1032 3986 dubio
1061 3918 1230 4000 periturum
1257 3935 1343 4000 esse,

154 4038 158 4046 ²
256 4019 344 4082 dixit.
386 4022 432 4084 At
452 4024 503 4085 iile
523 4040 613 4104 spem
633 4042 696 4083 non
717 4023 868 4085 abiiciens
889 4022 1063 4104 respondit
1073 4041 1171 4085 versu

259 4153 386 4290 ,Ἀρ
414 4149 677 4290 aaz
700 4149 753 4310 a
850 4151 890 4278 :a
922 4146 1088 4295 nito
1116 4152 1345 4315 mcc
