3026 4942
699 318 925 380 ...144-

268 503 351 580 469.
406 491 569 597 Quando
616 497 717 572 vides
758 501 903 574 ebrium
948 501 1181 576 olfacientem
1217 503 1359 575 malum

378 660 381 668 ¹
408 629 606 731 punicum,
627 625 718 699 seito
743 649 829 699 eum
854 623 1002 700 efficere
1027 627 1135 717 velle,
1162 642 1203 702 ut
1227 629 1358 729 lapset.

351 782 402 844 be
428 777 520 840 huius
548 776 706 856 proverbii
731 793 831 838 sensu
847 775 967 876 dubito.
1010 779 1046 840 Iu
1066 777 1202 859 legende
1223 798 1359 858 prover-

269 891 319 952 bio
341 903 451 949 omues
471 901 575 965 paene
596 883 724 946 codices
754 885 972 968 consentiunt,
1001 886 1061 946 nisi
1091 885 1174 966 qued
1196 884 1299 946 codex
1320 887 1359 947 L.

268 1004 381 1086 Q
402 994 507 1055 habet.
543 989 580 1052 Id
600 999 655 1052 aut
676 999 795 1054 octava
816 993 918 1054 forme
939 1012 959 1054 a
980 993 1087 1055 radice
1110 1003 1202 1077 ste,
1226 994 1277 1055 cui
1299 1014 1360 1056 ea-

268 1121 341 1187 dem
355 1117 545 1204 significatio
562 1135 656 1200 quam
669 1119 788 1202 prime,
801 1107 962 1198 derivate,
971 1135 1055 1197 esse3
1069 1127 1157 1179 aute
1171 1117 1277 1180 rediee
1292 1129 1358 1222 ,ab

269 1255 520 1320 contumelia
548 1253 700 1316 affecit
730 1251 866 1314 derivari
892 1262 1008 1332 potest.
1053 1251 1224 1314 Caeterum
1245 1253 1275 1312 in
1298 1271 1358 1314 co-

269 1363 338 1426 diee
367 1361 404 1423 B.
431 1362 533 1422 littere
562 1391 596 1433 Α
623 1362 717 1442 signo
739 1359 950 1421 'I'esehdid
978 1357 1097 1422 affeetu
1118 1369 1185 1440 est,
1211 1377 1275 1421 nee
1294 1380 1357 1421 uon

266 1491 369 1552 littere
396 1489 417 1570 ὁ
445 1490 475 1548 iu
505 1483 623 1548 codiee
646 1502 738 1566 meo,
764 1483 965 1568 Perisiense,
995 1483 1141 1566 Lugdun.
1170 1493 1203 1548 et
1223 1483 1359 1546 Beroliu.

267 1613 344 1674 Inde
365 1613 520 1694 sequitur,
552 1608 591 1669 de
617 1607 775 1689 proverbii
795 1605 920 1690 legendi
942 1607 1035 1670 modo
1057 1610 1114 1669 vix
1136 1607 1264 1670 dubium
1287 1610 1361 1671 oriri

266 1737 372 1801 posse.
416 1718 615 1781 scholiastes
655 1715 696 1777 ad
734 1715 957 1795 explicandum
997 1716 1199 1795 proverbium
1240 1717 1360 1780 addidit

267 1831 339 1926 ω)
364 1827 392 1910 3²
417 1827 512 1916 Β»
530 1855 598 1922 Ν
623 1825 686 1922 0⁶5
711 1849 806 1919 effi
833 1823 889 1882 „In
911 1842 981 1884 eum
1002 1823 1179 1905 adhibetur,
1202 1825 1254 1905 qui
1274 1827 1357 1887 elam

266 1955 317 2014 lee
338 1951 433 2032 bibit,
463 1949 536 2012 dum
557 1968 701 2031 spumam
722 1956 832 2028 petere
854 1947 1007 2010 videtur«
1053 1947 1144 2027 Quae
1166 1960 1273 2012 autem
1296 1970 1358 2012 ex-

265 2057 402 2139 plieuudi
422 2059 524 2139 gratia
546 2055 665 2120 eddidit
685 2056 888 2138 scholiastes,
909 2073 948 2116 ea
968 2057 1126 2136 proverbii
1147 2058 1248 2118 verba
1269 2067 1357 2139 suut,

265 2165 349 2249 quod
372 2166 408 2228 C.
430 2162 589 2249 XXVIII,
618 2167 668 2226 42.
697 2165 821 2247 legitur.
866 2165 991 2227 Sensus
1018 2174 1124 2226 autem
1151 2167 1275 2228 ratione
1295 2168 1358 2229 he-

265 2274 340 2359 bitu,
363 2273 416 2354 qui
436 2271 488 2334 isti
509 2273 677 2354 proverbio
698 2273 808 2332 inesse
829 2271 961 2355 dieitur,
990 2279 1133 2333 nostrum
1154 2274 1357 2354 proverbium

265 2383 359 2443 talem
396 2399 525 2442 sensum
560 2377 674 2442 offerre
709 2378 863 2441 videturne
913 2379 1027 2440 Ebrius
1059 2381 1175 2442 malum
1208 2383 1358 2462 punicum

186 2487 190 2506 ‘
264 2489 393 2571 olfacit,
424 2487 497 2550 dum
524 2487 555 2550 id
576 2489 672 2550 edere
692 2490 777 2572 vult,
801 2507 839 2549 ee
861 2487 901 2548 de
923 2504 1042 2569 eausa,
1072 2497 1107 2549 ut
1127 2489 1193 2548 vini
1215 2490 1357 2576 odorem,

263 2598 379 2661 mulum
400 2598 550 2678 punieum
572 2595 691 2679 edens,
720 2613 799 2658 ase
821 2593 967 2675 depellat.
1009 2596 1097 2658 Petit
1116 2597 1211 2678 igitur
1233 2618 1251 2660 e
1272 2601 1357 2662 malo

263 2707 378 2788 punieo
399 2725 532 2787 parvum
555 2703 755 2780 dommodum
776 2721 823 2768 sc.
838 2701 955 2785 odoris,
978 2702 1051 2766 dum
1066 2705 1167 2770 maius
1180 2721 1227 2767 se.
1243 2704 1358 2770 edendi

264 2829 381 2896 eupere
402 2812 535 2876 videtur.

581 2906 846 3112 'fdrgeiiii
868 2895 922 3062 fid
993 2965 1058 3051 rt.

263 3155 349 3231 470.
400 3156 520 3228 Mater
546 3147 733 3228 mendacis
759 3158 864 3256 virgo
892 3170 954 3230 est.

345 3281 381 3339 In
403 3297 485 3363 eum,
508 3280 646 3361 quirem
670 3282 977 3363 absurdemuerret,
1000 3281 1140 3364 quadret.

602 3474 699 3540 '³304
735 3451 824 3576 δὴ
858 3386 929 3544 dud
997 3460 1057 3547 ivi

262 3647 345 3720 471.
396 3646 574 3746 Populus,
602 3646 693 3719 dum
716 3648 816 3720 solus
844 3661 906 3720 est.

344 3781 379 3843 Id
410 3789 475 3842 est:
515 3779 575 3842 Vir
601 3784 660 3843 iste
690 3785 778 3844 solus
798 3785 899 3845 instar
919 3785 1025 3863 populi
1047 3785 1141 3846 velet.
1171 3785 1272 3848 Laudi
1295 3785 1358 3846 hee

261 3890 402 3952 inservit.
