3026 4942
663 281 965 385 -152-1

282 480 406 596 tuot
433 472 505 604 oi
630 493 744 600 ἀὲ,
814 513 888 576 o»
914 495 976 592 os
1000 487 1103 594 oss'o
1127 495 1188 606 ,t
1214 479 1275 620 ct

235 661 369 723 „Ahrari
395 663 504 724 occisa
533 671 584 723 est
611 682 667 741 pro
691 652 808 722 CahIa!
839 661 866 720 si
887 669 1015 722 nostrae
1037 659 1248 722 conditionem
1269 679 1325 721 ra-

275 771 391 831 tionem
401 769 513 852 habes,
535 779 681 832 atrorum
697 785 806 829 veram
823 768 1033 831 conditionem
1049 767 1169 832 cordati
1182 785 1326 849 coguos-

276 875 379 939 cunta

318 985 604 1048 Semachscharius
628 986 716 1069 dixit,
741 1003 797 1048 cas
818 985 920 1046 fuisso
946 984 1026 1046 duas
1048 1001 1169 1046 vaccas
1190 986 1220 1045 iu
1242 982 1326 1045 dua-

188 1075 209 1155 ’.
235 1093 293 1154 bus
320 1092 477 1172 gentibue.
522 1092 662 1171 Quarum
698 1093 751 1154 uui
784 1108 877 1172 quum
909 1088 1024 1169 pedum
1058 1093 1150 1152 nervi
1176 1091 1329 1172 amputati

234 1208 354 1282 esseut,
377 1207 409 1260 et
429 1201 517 1262 alteri
537 1201 621 1262 idem
643 1202 761 1264 factum
794 1207 892 1281 esset,
913 1198 993 1258 iuter
1013 1199 1093 1260 istas
1114 1209 1230 1280 gentes
1251 1218 1329 1279 per-

234 1306 613 1368 niciosissimumfbellum
635 1315 736 1368 ortum
758 1323 843 1366 csse.
882 1304 963 1368 Aliis
990 1315 1096 1382 autem
1119 1304 1220 1367 Cahl
1249 1305 1330 1367 tauri

235 1433 350 1476 nomeu
379 1423 437 1476 cst.
481 1417 561 1476 'l'um
592 1413 776 1476 declinabilc
804 1432 919 1475 nomen
941 1421 1000 1474 cst.
1042 1414 1122 1474 Aliis
1144 1413 1244 1474 verba
1265 1415 1331 1512 i?

234 1546 267 1598 et
294 1543 417 1620 με,
444 1555 635 1598 annorum
657 1536 860 1597 sterilium
885 1537 1012 1597 nomina
1034 1533 1190 1596 videntur.
1227 1537 1330 1598 Annia

234 1657 355 1722 duobus
382 1661 540 1722 sterilibus
570 1658 712 1720 homines
743 1660 853 1720 afflicti
873 1659 944 1720 istis
965 1661 1073 1722 verbis
1094 1661 1261 1748 utebantur
1282 1663 1329 1722 si-

234 1769 431 1850 gnificaturi,
460 1787 555 1830 uuum
584 1769 671 1829 alteri
700 1769 866 1848 aequalem
897 1786 979 1828 esse.
1023 1766 1200 1829 Adhibetur
1221 1767 1329 1831 autem

236 1874 440 1955 proverbium
468 1874 508 1935 ad
537 1873 794 1958 significandum)
826 1891 920 1934 unum
947 1873 1051 1934 virum
1080 1877 1212 1936 aiterum
1240 1877 1331 1937 occi-

236 1982 335 2064 disse,
357 1991 412 2042 out
433 1981 512 2048 duos
535 1983 621 2042 viros
642 1983 794 2063 aequatos
816 1997 892 2040 esse
911 1983 1006 2063 malo,
1030 1981 1114 2062 quoti
1136 1968 1219 2046 uuus
1240 1985 1331 2046 alteri

236 2089 380 2150 intulerit.

239 2489 294 2555 12.
345 2483 433 2554 Post
457 2481 616 2582 optimos
643 2478 816 2552 custodit.

321 2634 431 2695 Altera
452 2633 546 2698 lectio
569 2640 620 2692 est
642 2632 820 2729 quista,
844 2653 925 2713 quae
946 2633 986 2695 ab
1008 2636 1108 2696 altera
1129 2656 1191 2698 non
1215 2635 1331 2722 differt,

237 2760 296 2820 nisi
318 2777 356 2820 eo
379 2758 464 2840 quod
485 2754 613 2838 pluralis
635 2758 744 2820 forma
758 2768 817 2820 est.
838 2758 856 2818 i.
875 2779 902 2820 e.
918 2759 1096 2841 Postquam
1113 2761 1249 2842 optimos
1272 2780 1332 2823 ca-

235 2866 338 2926 melos
367 2865 490 2947 amisit,
520 2866 658 2948 reliquos
687 2865 834 2928 custodit.
876 2868 972 2950 Eum,
996 2870 1047 2949 qui
1072 2870 1191 2930 amissa
1213 2870 1333 2931 maiore

237 2993 332 3054 opum
352 2982 443 3054 parto
464 2974 613 3053 reliquam
635 2982 757 3054 partem
781 2992 974 3038 conservare
997 2976 1116 3059 studet,
1129 2978 1332 3059 proverbium

238 3081 396 3163 designat.
1091 3085 1094 3092 ’

239 3505 295 3584 13,
348 3501 435 3571 Post
460 3527 631 3600 maguam
658 3499 899 3574 calamitatem
927 3515 961 3571 et
996 3528 1146 3602 parvam
1188 3503 1333 3575 calami·

362 3638 483 3698 tatem.

318 3778 485 3839 Proverbii
517 3779 607 3840 huius
645 3779 799 3860 originem
837 3780 932 3839 talem
966 3779 1068 3841 fuisse
1096 3789 1231 3842 narrant.
1274 3781 1334 3841 Vir

236 3885 362 3966 quidam
390 3905 409 3945 c
438 3892 536 3968 geute
563 3884 676 3965 Djadis
706 3885 855 3948 feminam
884 3905 1018 3968 parvam
1044 3889 1075 3948 iu
1104 3888 1336 3950 matrimonium

236 3993 380 4075 duxerat,
404 3993 494 4055 cuius
516 4011 615 4055 causa
636 3996 733 4055 multa
754 3993 815 4074 ipsi
836 3997 919 4058 mala
939 3997 1146 4078 perpetienda
1168 4005 1265 4060 erant.
1288 3998 1334 4057 11-

236 4102 267 4162 1a
287 4100 417 4181 repudio
441 4099 572 4164 dimissa
592 4103 722 4164 aiteram
755 4121 871 4185 magno
901 4121 1034 4185 corpore
1064 4125 1157 4188 quum
1188 4105 1334 4167 duxisset

237 4215 270 4268 ot
292 4228 333 4272 ex
354 4226 395 4272 aa
417 4206 571 4287 duplicem
594 4209 745 4270 malorum
767 4219 889 4289 partem
911 4213 1108 4294 accepisset,
1142 4214 1225 4274 hauc
1252 4231 1335 4294 quo-
