3004 4926
584 311 729 377 -575
770 349 811 362 -

153 495 261 560 bibere
286 505 408 578 posset.
451 496 600 562 Clamare
620 507 726 562 autem
746 517 809 562 non
832 497 946 582 desiit,
968 510 1071 562 donee
1096 501 1241 564 submer-

152 605 299 688 gebatur.
343 604 548 668 AIazmdihus
580 605 612 668 iu
639 607 716 668 libro
751 625 811 668 suo
846 605 887 668 de
919 605 1093 687 proverbiis
1126 626 1242 672 vooem

152 719 246 800 μ.
270 730 344 774 oum
373 713 556 776 'fesohdido
586 714 724 796 scripsit.
765 714 843 776 Vox
863 721 968 775 autem
990 732 1062 775 eum
1083 713 1241 799 designat,

154 837 209 920 qui
227 837 322 900 laetis
344 846 465 919 partem
487 842 639 902 emulsam
659 840 700 903 ad
721 858 823 922 aquae
842 855 1052 920 possessores
1072 840 1242 922 praemittit,

153 953 325 1024 antequam
345 947 457 1009 oameii
484 948 526 1010 ad
553 967 667 1030 aquam
696 946 863 1011 aooedunt.
908 946 1001 1025 Quod
1030 947 1057 1008 si
1082 946 1165 1022 huno
1192 949 1242 1010 le·-

152 1056 250 1139 gendi
269 1057 397 1119 modum
421 1057 575 1142 admittis,
597 1070 684 1129 mr
710 1078 824 1120 nomen
849 1058 957 1140 gentis
985 1066 1036 1120 est
1062 1055 1242 1140 putandum.

73 1251 76 1256 ,
154 1181 223 1244 Sed
254 1184 461 1246 Alaumaihus
494 1184 537 1246 nil
565 1183 606 1246 ad
634 1182 855 1266 explicandum
888 1183 1087 1266 proverbium
1115 1181 1243 1245 addidit.

155 1289 249 1352 Cous.
270 1289 415 1372 proverb.
447 1294 536 1359 ml
561 1294 654 1374 qu«
677 1326 721 1376 0*
745 1291 842 1376 δὲ.

158 1682 237 1752 185.
291 1673 347 1747 td
373 1675 555 1748 incessum
581 1677 722 1777 aptior,
749 1701 862 1775 quarn
888 1671 1018 1748 cameli
1043 1670 1192 1774 ungula.

158 2041 239 2114 186.
290 2036 421 2112 Melior
447 2034 649 2126 iaculator,
679 2062 793 2138 quam
820 2035 1102 2111 Ebu-Tiknus.

236 2175 400 2253 Ahmruus
425 2174 614 2237 Ebu-'fiko
647 2172 688 2235 ad
721 2181 851 2255 gentem
877 2171 952 2234 Ahd
979 2172 1156 2253 pertinens,
1184 2187 1244 2232 suo

154 2293 298 2363 tempore
318 2290 386 2343 arte
407 2280 562 2343 iaoulandi
583 2284 688 2344 olarus
710 2287 787 2341 erat

158 2651 239 2724 187.
266 2649 410 2722 Maiore
436 2621 553 2718 macie
574 2646 613 2716 in
630 2643 781 2715 natibus
798 2639 987 2744 praeditus,
1014 2663 1128 2738 quam
1144 2662 1229 2709 rane

237 2776 311 2838 Hoo
330 2773 457 2856 dieitur,
481 2771 556 2854 quia
576 2789 654 2833 rano
674 2769 779 2832 oauda
800 2767 925 2830 omnino
950 2772 1047 2828 earet.

160 3148 242 3218 188.
291 3143 470 3234 Gravior,
497 3165 611 3244 quam
637 3136 842 3241 plumbum.

161 3533 245 3606 189.
280 3531 394 3630 Magis
418 3526 580 3602 residens
605 3528 644 3598 in
664 3552 771 3626 aquae
796 3522 934 3614 fundo,
962 3551 1075 3625 quam
1098 3520 1250 3624 lapides.

390 3689 545 3858 ald
571 3683 685 3866 oti
721 3681 786 3860 [fr
823 3666 911 3866 [tl
985 3729 1029 3811 n.

161 3924 243 3995 190.
296 3918 481 4005 Tenui0r‚
511 3941 625 4017 quam
649 3911 826 4017 splendor
852 3939 890 3987 se
921 3937 1075 3987 movens
1101 3908 1250 4012 vaporis

295 4017 499 4094 meridiani.

243 4150 303 4212 Est
324 4150 377 4211 iile
398 4166 508 4231 stupor,
531 4147 585 4228 qui
606 4147 637 4208 in
659 4145 794 4210 desertis
815 4165 834 4206 e
856 4141 1026 4226 longinquo
1049 4158 1150 4222 aquae
1171 4157 1251 4219 spe·

161 4259 243 4322 oiem
265 4258 369 4322 habet.
