2988 4952
595 327 801 388 ..55-

182 699 194 721 .
314 509 964 748 desidit}
1037 583 1089 668 o

156 805 235 878 146.
290 800 452 878 Baculus
486 803 568 874 viro
603 803 751 902 ingenio
784 761 941 903 pollenti
973 799 1142 902 pulsatus
1177 817 1241 878 est,

234 960 442 1028 Proverbium
457 961 549 1021 metri
565 959 697 1022 Camil
714 962 861 1042 appellati
877 969 937 1022 est.
955 962 1037 1023 conf.
1053 961 1119 1026 libr.
1137 979 1242 1022 meum

149 1091 179 1153 p.
210 1069 282 1134 als.
325 1067 471 1150 Primus,
501 1067 552 1128 cui
572 1068 708 1128 baculus
729 1070 874 1149 pulsatus
898 1079 960 1146 est,
991 1069 1132 1132 Amruus
1161 1070 1242 1130 ben-

149 1179 248 1241 Malic
268 1175 527 1256 ben-Dhobaioh,
548 1175 646 1236 frater
660 1173 782 1237 Saalrdi
804 1173 984 1244 ben-Melie
1004 1177 1158 1238 Alccnaui
1173 1179 1242 1238 fuit.

151 1263 293 1349 ¹Causam
315 1284 359 1345 rei
380 1285 476 1345 talem
497 1282 599 1347 fuisse
629 1288 764 1343 narrant.
807 1281 881 1344 llex
910 1283 1128 1345 Alnohmanus
1158 1285 1241 1346 Am-

149 1410 242 1455 ruum
273 1389 393 1456 Seabdi
420 1391 570 1469 fratrem,
593 1398 644 1450 ut
676 1388 793 1470 pabulo
830 1387 1043 1454 abundantem
1078 1392 1241 1472 regionem

148 1507 328 1583 quaereret,
350 1498 488 1563 miserat.
532 1494 634 1574 Cujus
655 1495 775 1567 reditus
805 1515 902 1577 quum
932 1496 1111 1572 retardatus
1136 1509 1240 1576 osset,

148 1605 206 1674 rex
227 1606 377 1687 pabulum
396 1612 453 1679 aut
472 1603 655 1674 laudantem
674 1611 733 1667 aut
753 1603 987 1682 vituperantem
1008 1622 1046 1664 se
1062 1605 1239 1676 cecisurum

147 1731 234 1796 esse,
251 1712 382 1793 juravit.
427 1710 577 1776 Saaladus
598 1712 727 1776 fratrem
749 1711 859 1772 mortis
880 1711 1018 1791 periculo
1034 1713 1238 1796 liberaturus,

146 1831 182 1883 ut
202 1822 287 1902 loqui
308 1838 382 1882 cum
403 1820 502 1885 fratre
523 1827 580 1880 aut
599 1820 714 1882 saltem
735 1837 831 1880 mauu
852 1819 883 1880 ei
903 1818 1017 1880 indicia
1034 1821 1155 1902 facore,
1176 1822 1236 1883 sibi

144 1928 389 2008 permitteretur,
409 1926 546 2009 rogavit.
569 1927 746 2007 Utrumque
767 1945 826 1988 rex
841 1943 1008 2002 recusans,
1030 1945 1081 2006 se,
1102 1928 1131 1988 si
1141 1947 1235 1991 unum

143 2043 200 2098 aut
220 2037 355 2098 alterum
376 2034 527 2116 fecisset,
549 2033 580 2094 ci
600 2033 741 2113 linguam
763 2033 943 2110 excisurum
952 2043 1142 2099 autuman
1163 2055 1236 2098 am-

143 2151 327 2224 putaturum
357 2159 451 2223 esee,
487 2140 686 2219 minabatur,
718 2149 752 2202 at
780 2140 926 2205 baculum
955 2143 1083 2222 pulsare
1110 2147 1236 2225 roganti

142 2250 311 2314 concessit.
355 2247 569 2330 Quapropter,
590 2266 688 2330 quum
708 2249 805 2310 frater
825 2246 928 2309 redux
948 2247 1057 2313 factus
1072 2261 1173 2332 esset,
1195 2253 1236 2314 ad

142 2359 226 2422 latus
246 2356 389 2420 sedentis
409 2356 558 2418 bacrdum
579 2356 693 2419 sumsit
715 2364 748 2418 et
768 2373 863 2416 suum
890 2375 955 2418 una
983 2358 1056 2418 vice
1084 2361 1235 2440 pulsavit,

141 2485 206 2549 qua
225 2465 334 2546 fratri,
354 2483 429 2532 eura
449 2465 520 2529 loco
550 2481 678 2528 manere
707 2462 842 2545 debere,
872 2465 1076 2544 signiticaret.
1120 2469 1235 2536 'fribus

141 2583 209 2644 tum
228 2573 355 2637 vicibus
375 2571 523 2635 bactdum
543 2571 703 2649 pulsavit,
733 2570 765 2630 iu
785 2573 911 2632 coelum
932 2573 1061 2633 sustulit
1081 2583 1114 2634 ct
1135 2577 1233 2635 altero

141 2682 275 2744 alterum
304 2675 436 2740 detersit
462 2674 678 2751 iudicaturus,
706 2694 770 2735 nou
790 2693 865 2734 esse
892 2676 1058 2754 regionem
1084 2678 1232 2738 sterilem.

140 2783 264 2850 Deinde
291 2782 409 2865 pluries
435 2781 596 2860 pulsatum
616 2780 765 2840 baculum
785 2779 946 2858 paululum
963 2781 1092 2842 sustulit
1107 2792 1139 2843 et
1154 2804 1232 2847 ver-

141 2913 199 2957 sus
226 2902 341 2955 terram
362 2887 510 2950 iudicium
531 2886 628 2967 lecit,
651 2904 714 2968 quo
730 2885 968 2970 intelligeretur,
985 2893 1230 2971 uouesseplan·-

139 3011 242 3068 torum
264 2997 396 3080 copiam.
432 2996 589 3058 Baculum
611 2993 746 3076 denique
766 2993 866 3056 semel
887 2995 1048 3076 pulsatum
1069 2997 1100 3058 in
1119 3018 1229 3084 regem

139 3109 265 3190 direxit,
288 3126 352 3189 quc
373 3106 481 3186 frater,
504 3121 540 3165 se
556 3101 625 3184 jam
646 3101 716 3194 regi
736 3100 950 3188 verbafacere
969 3122 1080 3185 posse,
1104 3123 1228 3190 cogno-

138 3220 207 3282 uit·
236 3214 373 3296 Propius
402 3213 495 3294 igitur
529 3210 572 3272 ad
608 3227 719 3292 regem
751 3209 906 3292 accessit,
944 3220 976 3273 et
1003 3212 1228 3300 iuterrogatus,

138 3337 243 3390 utrum
263 3323 336 3386 anui
355 3327 545 3404 proventum
565 3316 729 3400 laudaret,
751 3335 791 3382 aa
813 3317 1008 3382 sterilitatem
1020 3320 1227 3405 vituperaret,

136 3436 187 3496 his
208 3432 316 3494 verbis
336 3427 501 3509 respondit
525 3426 615 3524 Uesti
639 3425 698 3509 &tp
729 3428 826 3496 mul
856 3426 937 3516 A,
956 3422 1019 3526 'lp
1044 3435 1142 3513 ‘tabl
1170 3434 1226 3515 „l

137 3561 223 3646 »ab
250 3556 390 3656 mel)
415 3565 524 3644 ώῦὲ
551 3552 680 3656 Led?
707 3549 744 3639 t,
771 3560 861 3656 dfe
887 3549 1009 3639 lex&
1035 3551 1056 3618 t
1080 3555 1228 3656 'rt-Q·

136 3686 244 3766 ,ψ
271 3681 362 3770 ψὶ,
388 3681 474 3779 Opi*
499 3679 619 3774 tofis,
651 3676 794 3758 „Neque
819 3675 1067 3756 vituperaverim
1093 3684 1225 3746 maciem

135 3827 240 3891 neque
266 3803 461 3868 laudaverim
490 3802 613 3863 herbas.
661 3802 761 3862 'l'erra
787 3809 838 3864 cst
864 3801 1000 3864 difficilis
1027 3802 1224 3889 (descriptu)

135 3937 238 3999 noque
266 3913 371 3999 pabuli
400 3913 528 3973 ubertas
557 3910 778 3996 cognoscitur,
805 3927 909 3994 neque
931 3911 1080 3973 sterilitas
1102 3911 1224 3976 descri-

134 4025 224 4091 bitur.
246 4021 417 4086 Pabulatur
439 4017 510 4100 ejus
531 4027 600 4104 slat
617 4026 650 4078 et
669 4017 817 4080 nesciens
838 4017 868 4078 in
891 4037 932 4080 ea
953 4017 1015 4078 scit
1036 4029 1068 4086 et
1088 4038 1223 4088 securus

135 4134 227 4200 ioca
246 4122 369 4194 timet“
414 4127 538 4206 Quibus
559 4125 665 4191 verbis
688 4145 745 4190 rex
767 4131 934 4188 contentus
961 4125 1029 4188 fuit.
1070 4127 1222 4195 Saalrdus

135 4242 196 4302 bn
212 4237 343 4300 -blalic
384 4234 479 4314 hujus
527 4234 601 4296 lecti
647 4234 678 4296 in
721 4231 869 4294 versibus
907 4231 1094 4298 mentionem
1148 4241 1223 4302 lecit
