<?xml version="1.0" encoding="UTF-8"?>
<!DOCTYPE html PUBLIC "-//W3C//DTD XHTML 1.0 Transitional//EN"
    "http://www.w3.org/TR/xhtml1/DTD/xhtml1-transitional.dtd">
<html xmlns="http://www.w3.org/1999/xhtml" xml:lang="en" lang="en">
 <head>
  <title>
</title>
<meta http-equiv="Content-Type" content="text/html;charset=utf-8" />
  <meta name='ocr-system' content='tesseract 3.04.00' />
  <meta name='ocr-capabilities' content='ocr_page ocr_carea ocr_par ocr_line ocrx_word'/>
</head>
<body>
  <div class='ocr_page' id='page_1' title='image "./arabumproverbia04alfgoog_0752.png"; bbox 0 0 2970 4946; ppageno 0'>
   <div class='ocr_carea' id='block_1_1' title="bbox 529 293 754 408">
    <p class='ocr_par' dir='ltr' id='par_1_1' title="bbox 529 293 754 408">
     <span class='ocr_line' id='line_1_1' title="bbox 529 293 754 408; baseline 0 -58"><span class='ocrx_word' id='word_1_1' title='bbox 529 293 670 408; x_wconf 46' lang='lat' dir='ltr'><strong>*nd</strong></span> <span class='ocrx_word' id='word_1_2' title='bbox 716 329 754 350; x_wconf 67' lang='grc'><strong>,-</strong></span> 
     </span>
    </p>
   </div>
   <div class='ocr_carea' id='block_1_2' title="bbox 95 461 1194 2334">
    <p class='ocr_par' dir='ltr' id='par_1_2' title="bbox 95 461 1194 2334">
     <span class='ocr_line' id='line_1_2' title="bbox 100 461 1185 564; baseline -0.002 -20"><span class='ocrx_word' id='word_1_3' title='bbox 100 477 211 544; x_wconf 86' lang='lat' dir='ltr'><strong>deduo.</strong></span> <span class='ocrx_word' id='word_1_4' title='bbox 256 479 325 544; x_wconf 86' lang='lat' dir='ltr'><strong>Res</strong></span> <span class='ocrx_word' id='word_1_5' title='bbox 354 478 615 564; x_wconf 90' lang='lat' dir='ltr'><strong>quomadmodum</strong></span> <span class='ocrx_word' id='word_1_6' title='bbox 646 461 726 546; x_wconf 82' lang='lat' dir='ltr'><strong>inter</strong></span> <span class='ocrx_word' id='word_1_7' title='bbox 756 495 798 545; x_wconf 66' lang='lat' dir='ltr'><strong>‘se</strong></span> <span class='ocrx_word' id='word_1_8' title='bbox 833 479 925 546; x_wconf 92' lang='lat' dir='ltr'><strong>ambo</strong></span> <span class='ocrx_word' id='word_1_9' title='bbox 959 487 1185 563; x_wconf 81' lang='lat' dir='ltr'><strong>convenerant,</strong></span> 
     </span>
     <span class='ocr_line' id='line_1_3' title="bbox 101 587 1187 671; baseline 0.002 -23"><span class='ocrx_word' id='word_1_10' title='bbox 101 595 176 650; x_wconf 85' lang='lat' dir='ltr'><strong>aeta</strong></span> <span class='ocrx_word' id='word_1_11' title='bbox 204 594 264 650; x_wconf 88' lang='lat' dir='ltr'><strong>est.</strong></span> <span class='ocrx_word' id='word_1_12' title='bbox 312 587 486 668; x_wconf 85' lang='lat' dir='ltr'><strong>Postquam</strong></span> <span class='ocrx_word' id='word_1_13' title='bbox 515 608 571 671; x_wconf 95' lang='lat' dir='ltr'><strong>per</strong></span> <span class='ocrx_word' id='word_1_14' title='bbox 597 589 716 670; x_wconf 78' lang='lat' dir='ltr'><strong>aliquot</strong></span> <span class='ocrx_word' id='word_1_15' title='bbox 743 597 868 669; x_wconf 87' lang='lat' dir='ltr'><strong>tempus</strong></span> <span class='ocrx_word' id='word_1_16' title='bbox 893 587 973 651; x_wconf 87' lang='lat' dir='ltr'><strong>inter</strong></span> <span class='ocrx_word' id='word_1_17' title='bbox 1001 588 1187 670; x_wconf 82' lang='lat' dir='ltr'><strong>peregrinos</strong></span> 
     </span>
     <span class='ocr_line' id='line_1_4' title="bbox 98 693 1184 778; baseline -0.001 -20"><span class='ocrx_word' id='word_1_18' title='bbox 98 693 250 778; x_wconf 77' lang='lat' dir='ltr'><strong>degerat,</strong></span> <span class='ocrx_word' id='word_1_19' title='bbox 278 693 318 756; x_wconf 85' lang='lat' dir='ltr'><strong>ad</strong></span> <span class='ocrx_word' id='word_1_20' title='bbox 338 703 476 778; x_wconf 46' lang='lat' dir='ltr'><strong>gentem¹</strong></span> <span class='ocrx_word' id='word_1_21' title='bbox 489 715 580 760; x_wconf 85' lang='lat' dir='ltr'><strong>suam</strong></span> <span class='ocrx_word' id='word_1_22' title='bbox 607 695 709 758; x_wconf 90' lang='lat' dir='ltr'><strong>rediit.</strong></span> <span class='ocrx_word' id='word_1_23' title='bbox 751 696 886 760; x_wconf 75' lang='lat' dir='ltr'><strong>It&#39;aotum</strong></span> <span class='ocrx_word' id='word_1_24' title='bbox 914 702 1021 762; x_wconf 84' lang='lat' dir='ltr'><strong>antem</strong></span> <span class='ocrx_word' id='word_1_25' title='bbox 1043 702 1112 778; x_wconf 85' lang='lat' dir='ltr'><strong>est,</strong></span> <span class='ocrx_word' id='word_1_26' title='bbox 1139 703 1184 778; x_wconf 91' lang='lat' dir='ltr'><strong>nt,</strong></span> 
     </span>
     <span class='ocr_line' id='line_1_5' title="bbox 98 781 1186 888; baseline 0.002 -24"><span class='ocrx_word' id='word_1_27' title='bbox 98 820 194 884; x_wconf 84' lang='lat' dir='ltr'><strong>quum</strong></span> <span class='ocrx_word' id='word_1_28' title='bbox 224 802 275 864; x_wconf 94' lang='lat' dir='ltr'><strong>dio</strong></span> <span class='ocrx_word' id='word_1_29' title='bbox 304 781 438 884; x_wconf 86' lang='lat' dir='ltr'><strong>quodam</strong></span> <span class='ocrx_word' id='word_1_30' title='bbox 465 804 532 866; x_wconf 88' lang='lat' dir='ltr'><strong>eius</strong></span> <span class='ocrx_word' id='word_1_31' title='bbox 560 805 643 868; x_wconf 85' lang='lat' dir='ltr'><strong>filiae</strong></span> <span class='ocrx_word' id='word_1_32' title='bbox 670 803 711 866; x_wconf 87' lang='lat' dir='ltr'><strong>ad</strong></span> <span class='ocrx_word' id='word_1_33' title='bbox 738 821 809 866; x_wconf 89' lang='lat' dir='ltr'><strong>eam</strong></span> <span class='ocrx_word' id='word_1_34' title='bbox 836 803 1020 888; x_wconf 74' lang='lat' dir='ltr'><strong>transirent,</strong></span> <span class='ocrx_word' id='word_1_35' title='bbox 1052 810 1186 866; x_wconf 88' lang='lat' dir='ltr'><strong>matrem</strong></span> 
     </span>
     <span class='ocr_line' id='line_1_6' title="bbox 97 909 1187 990; baseline -0.001 -19"><span class='ocrx_word' id='word_1_36' title='bbox 97 917 321 990; x_wconf 81' lang='lat' dir='ltr'><strong>agnoscerent.</strong></span> <span class='ocrx_word' id='word_1_37' title='bbox 360 909 501 972; x_wconf 91' lang='lat' dir='ltr'><strong>Primum</strong></span> <span class='ocrx_word' id='word_1_38' title='bbox 533 918 610 974; x_wconf 88' lang='lat' dir='ltr'><strong>natu</strong></span> <span class='ocrx_word' id='word_1_39' title='bbox 638 910 736 972; x_wconf 84' lang='lat' dir='ltr'><strong>maior</strong></span> <span class='ocrx_word' id='word_1_40' title='bbox 767 909 862 976; x_wconf 85' lang='lat' dir='ltr'><strong>dixit:</strong></span> <span class='ocrx_word' id='word_1_41' title='bbox 891 916 991 973; x_wconf 87' lang='lat' dir='ltr'><strong>mater</strong></span> <span class='ocrx_word' id='word_1_42' title='bbox 1019 927 1108 988; x_wconf 73' lang='lat' dir='ltr'><strong>mea:</strong></span> <span class='ocrx_word' id='word_1_43' title='bbox 1142 915 1187 988; x_wconf 88' lang='lat' dir='ltr'><strong>et,</strong></span> 
     </span>
     <span class='ocr_line' id='line_1_7' title="bbox 96 1014 1187 1109; baseline 0 -31"><span class='ocrx_word' id='word_1_44' title='bbox 96 1024 186 1080; x_wconf 80' lang='lat' dir='ltr'><strong>reete</strong></span> <span class='ocrx_word' id='word_1_45' title='bbox 216 1015 312 1096; x_wconf 88' lang='lat' dir='ltr'><strong>dieis,</strong></span> <span class='ocrx_word' id='word_1_46' title='bbox 343 1017 450 1080; x_wconf 88' lang='lat' dir='ltr'><strong>media</strong></span> <span class='ocrx_word' id='word_1_47' title='bbox 476 1017 600 1109; x_wconf 38' lang='lat' dir='ltr'><strong>inquit,</strong></span> <span class='ocrx_word' id='word_1_48' title='bbox 622 1019 669 1080; x_wconf 87' lang='lat' dir='ltr'><strong>At</strong></span> <span class='ocrx_word' id='word_1_49' title='bbox 696 1019 806 1080; x_wconf 88' lang='lat' dir='ltr'><strong>mulier</strong></span> <span class='ocrx_word' id='word_1_50' title='bbox 834 1017 935 1078; x_wconf 88' lang='lat' dir='ltr'><strong>verba</strong></span> <span class='ocrx_word' id='word_1_51' title='bbox 959 1017 1022 1088; x_wconf 88' lang='lat' dir='ltr'><strong>ista</strong></span> <span class='ocrx_word' id='word_1_52' title='bbox 1042 1014 1187 1098; x_wconf 85' lang='lat' dir='ltr'><strong>audiens,</strong></span> 
     </span>
     <span class='ocr_line' id='line_1_8' title="bbox 98 1123 1188 1206; baseline 0 -20"><span class='ocrx_word' id='word_1_53' title='bbox 98 1123 193 1186; x_wconf 86' lang='lat' dir='ltr'><strong>dixit:</strong></span> <span class='ocrx_word' id='word_1_54' title='bbox 223 1124 396 1186; x_wconf 79' lang='lat' dir='ltr'><strong>mentimini</strong></span> <span class='ocrx_word' id='word_1_55' title='bbox 429 1142 533 1205; x_wconf 89' lang='lat' dir='ltr'><strong>neque</strong></span> <span class='ocrx_word' id='word_1_56' title='bbox 566 1133 678 1188; x_wconf 88' lang='lat' dir='ltr'><strong>vestra</strong></span> <span class='ocrx_word' id='word_1_57' title='bbox 710 1133 811 1188; x_wconf 86' lang='lat' dir='ltr'><strong>mater</strong></span> <span class='ocrx_word' id='word_1_58' title='bbox 838 1143 941 1206; x_wconf 88' lang='lat' dir='ltr'><strong>neque</strong></span> <span class='ocrx_word' id='word_1_59' title='bbox 969 1125 1051 1206; x_wconf 83' lang='lat' dir='ltr'><strong>patri</strong></span> <span class='ocrx_word' id='word_1_60' title='bbox 1077 1131 1188 1186; x_wconf 84' lang='lat' dir='ltr'><strong>vestro</strong></span> 
     </span>
     <span class='ocr_line' id='line_1_9' title="bbox 98 1232 1187 1314; baseline 0 -20"><span class='ocrx_word' id='word_1_61' title='bbox 98 1251 181 1294; x_wconf 87' lang='lat' dir='ltr'><strong>uxor</strong></span> <span class='ocrx_word' id='word_1_62' title='bbox 202 1249 265 1314; x_wconf 85' lang='lat' dir='ltr'><strong>ego</strong></span> <span class='ocrx_word' id='word_1_63' title='bbox 286 1249 365 1294; x_wconf 88' lang='lat' dir='ltr'><strong>sum.</strong></span> <span class='ocrx_word' id='word_1_64' title='bbox 411 1233 454 1294; x_wconf 80' lang='lat' dir='ltr'><strong>At</strong></span> <span class='ocrx_word' id='word_1_65' title='bbox 473 1239 550 1294; x_wconf 88' lang='lat' dir='ltr'><strong>natu</strong></span> <span class='ocrx_word' id='word_1_66' title='bbox 570 1233 696 1296; x_wconf 89' lang='lat' dir='ltr'><strong>minima</strong></span> <span class='ocrx_word' id='word_1_67' title='bbox 721 1232 815 1296; x_wconf 81' lang='lat' dir='ltr'><strong>dixit:</strong></span> <span class='ocrx_word' id='word_1_68' title='bbox 844 1232 961 1294; x_wconf 89' lang='lat' dir='ltr'><strong>Nonne</strong></span> <span class='ocrx_word' id='word_1_69' title='bbox 981 1232 1050 1296; x_wconf 83' lang='lat' dir='ltr'><strong>eins</strong></span> <span class='ocrx_word' id='word_1_70' title='bbox 1070 1232 1187 1296; x_wconf 82' lang='lat' dir='ltr'><strong>faeiem</strong></span> 
     </span>
     <span class='ocr_line' id='line_1_10' title="bbox 98 1337 1188 1422; baseline 0 -21"><span class='ocrx_word' id='word_1_71' title='bbox 98 1338 251 1422; x_wconf 77' lang='lat' dir='ltr'><strong>noscitis,</strong></span> <span class='ocrx_word' id='word_1_72' title='bbox 273 1348 340 1401; x_wconf 90' lang='lat' dir='ltr'><strong>tum</strong></span> <span class='ocrx_word' id='word_1_73' title='bbox 362 1337 391 1401; x_wconf 92' lang='lat' dir='ltr'><strong>ei</strong></span> <span class='ocrx_word' id='word_1_74' title='bbox 405 1338 559 1402; x_wconf 83' lang='lat' dir='ltr'><strong>adhaesit</strong></span> <span class='ocrx_word' id='word_1_75' title='bbox 579 1348 614 1402; x_wconf 92' lang='lat' dir='ltr'><strong>et</strong></span> <span class='ocrx_word' id='word_1_76' title='bbox 635 1343 803 1404; x_wconf 80' lang='lat' dir='ltr'><strong>clamorem</strong></span> <span class='ocrx_word' id='word_1_77' title='bbox 823 1339 959 1408; x_wconf 87' lang='lat' dir='ltr'><strong>sustulit.</strong></span> <span class='ocrx_word' id='word_1_78' title='bbox 1000 1339 1107 1405; x_wconf 84' lang='lat' dir='ltr'><strong>Mater</strong></span> <span class='ocrx_word' id='word_1_79' title='bbox 1127 1359 1188 1402; x_wconf 86' lang='lat' dir='ltr'><strong>au-</strong></span> 
     </span>
     <span class='ocr_line' id='line_1_11' title="bbox 97 1445 1189 1551; baseline 0.002 -41"><span class='ocrx_word' id='word_1_80' title='bbox 97 1455 164 1510; x_wconf 89' lang='lat' dir='ltr'><strong>tem</strong></span> <span class='ocrx_word' id='word_1_81' title='bbox 189 1447 270 1518; x_wconf 81' lang='lat' dir='ltr'><strong>haee</strong></span> <span class='ocrx_word' id='word_1_82' title='bbox 296 1445 409 1516; x_wconf 72' lang='lat' dir='ltr'><strong>videns</strong></span> <span class='ocrx_word' id='word_1_83' title='bbox 445 1447 537 1510; x_wconf 86' lang='lat' dir='ltr'><strong>dixit:</strong></span> <span class='ocrx_word' id='word_1_84' title='bbox 569 1453 686 1551; x_wconf 48' lang='grc' dir='ltr'><strong>σὴψ</strong></span> <span class='ocrx_word' id='word_1_85' title='bbox 716 1459 862 1549; x_wconf 50' lang='lat'><strong>&amp;¹5⁰⁰</strong></span> <span class='ocrx_word' id='word_1_86' title='bbox 897 1447 1056 1531; x_wconf 86' lang='lat' dir='ltr'><strong>„Minima</strong></span> <span class='ocrx_word' id='word_1_87' title='bbox 1082 1466 1189 1512; x_wconf 88' lang='lat' dir='ltr'><strong>earnm</strong></span> 
     </span>
     <span class='ocr_line' id='line_1_12' title="bbox 97 1564 1187 1655; baseline 0 -21"><span class='ocrx_word' id='word_1_88' title='bbox 97 1572 241 1654; x_wconf 75' lang='lat' dir='ltr'><strong>pessima</strong></span> <span class='ocrx_word' id='word_1_89' title='bbox 260 1564 409 1634; x_wconf 82' lang='lat' dir='ltr'><strong>earom.“</strong></span> <span class='ocrx_word' id='word_1_90' title='bbox 444 1572 599 1635; x_wconf 80' lang='lat' dir='ltr'><strong>Homines</strong></span> <span class='ocrx_word' id='word_1_91' title='bbox 619 1574 846 1635; x_wconf 84' lang='lat' dir='ltr'><strong>convenientes</strong></span> <span class='ocrx_word' id='word_1_92' title='bbox 867 1591 937 1634; x_wconf 90' lang='lat' dir='ltr'><strong>eam</strong></span> <span class='ocrx_word' id='word_1_93' title='bbox 958 1582 1187 1655; x_wconf 81' lang='lat' dir='ltr'><strong>cognoverunt.</strong></span> 
     </span>
     <span class='ocr_line' id='line_1_13' title="bbox 97 1677 1194 1745; baseline 0.003 -3"><span class='ocrx_word' id='word_1_94' title='bbox 97 1677 316 1743; x_wconf 79' lang='lat' dir='ltr'><strong>Rementem</strong></span> <span class='ocrx_word' id='word_1_95' title='bbox 342 1678 384 1740; x_wconf 88' lang='lat' dir='ltr'><strong>ad</strong></span> <span class='ocrx_word' id='word_1_96' title='bbox 410 1680 610 1743; x_wconf 82' lang='lat' dir='ltr'><strong>Lokmonum</strong></span> <span class='ocrx_word' id='word_1_97' title='bbox 643 1679 822 1742; x_wconf 91' lang='lat' dir='ltr'><strong>detulerunt</strong></span> <span class='ocrx_word' id='word_1_98' title='bbox 849 1679 1006 1743; x_wconf 86' lang='lat' dir='ltr'><strong>dieentes:</strong></span> <span class='ocrx_word' id='word_1_99' title='bbox 1040 1678 1194 1745; x_wconf 71' lang='lat' dir='ltr'><strong>iudinium&#39;</strong></span> 
     </span>
     <span class='ocr_line' id='line_1_14' title="bbox 98 1771 1189 1852; baseline 0.002 -2"><span class='ocrx_word' id='word_1_100' title='bbox 98 1788 183 1850; x_wconf 86' lang='lat' dir='ltr'><strong>inter</strong></span> <span class='ocrx_word' id='word_1_101' title='bbox 212 1805 272 1850; x_wconf 84' lang='lat' dir='ltr'><strong>nos</strong></span> <span class='ocrx_word' id='word_1_102' title='bbox 299 1781 401 1849; x_wconf 81' lang='lat' dir='ltr'><strong>foras!</strong></span> <span class='ocrx_word' id='word_1_103' title='bbox 431 1789 616 1850; x_wconf 81' lang='lat' dir='ltr'><strong>Lokmanns</strong></span> <span class='ocrx_word' id='word_1_104' title='bbox 649 1797 756 1850; x_wconf 89' lang='lat' dir='ltr'><strong>autem</strong></span> <span class='ocrx_word' id='word_1_105' title='bbox 787 1787 949 1850; x_wconf 88' lang='lat' dir='ltr'><strong>mulierem</strong></span> <span class='ocrx_word' id='word_1_106' title='bbox 975 1771 1090 1852; x_wconf 85' lang='lat' dir='ltr'><strong>videns</strong></span> <span class='ocrx_word' id='word_1_107' title='bbox 1117 1808 1189 1852; x_wconf 87' lang='lat' dir='ltr'><strong>eam</strong></span> 
     </span>
     <span class='ocr_line' id='line_1_15' title="bbox 97 1879 1188 1997; baseline 0.001 -39"><span class='ocrx_word' id='word_1_108' title='bbox 97 1895 234 1979; x_wconf 80' lang='lat' dir='ltr'><strong>agnovit</strong></span> <span class='ocrx_word' id='word_1_109' title='bbox 254 1903 287 1958; x_wconf 92' lang='lat' dir='ltr'><strong>et</strong></span> <span class='ocrx_word' id='word_1_110' title='bbox 310 1885 403 1958; x_wconf 88' lang='lat' dir='ltr'><strong>dixit:</strong></span> <span class='ocrx_word' id='word_1_111' title='bbox 426 1893 532 1996; x_wconf 51' lang='lat' dir='ltr'><strong>&amp;dull</strong></span> <span class='ocrx_word' id='word_1_112' title='bbox 558 1879 620 1997; x_wconf 48' lang='lat' dir='ltr'><strong>fll</strong></span> <span class='ocrx_word' id='word_1_113' title='bbox 644 1907 750 1983; x_wconf 59' lang='lat' dir='ltr'><strong>mr&gt;</strong></span> <span class='ocrx_word' id='word_1_114' title='bbox 774 1910 845 1964; x_wconf 64' lang='lat' dir='ltr'><strong>tate</strong></span> <span class='ocrx_word' id='word_1_115' title='bbox 867 1894 990 1978; x_wconf 77' lang='lat' dir='ltr'><strong>„Apud</strong></span> <span class='ocrx_word' id='word_1_116' title='bbox 1010 1895 1188 1976; x_wconf 83' lang='lat' dir='ltr'><strong>Djohaina-</strong></span> 
     </span>
     <span class='ocr_line' id='line_1_16' title="bbox 95 2006 1189 2104; baseline 0 -21"><span class='ocrx_word' id='word_1_117' title='bbox 95 2020 173 2083; x_wconf 90' lang='lat' dir='ltr'><strong>hum</strong></span> <span class='ocrx_word' id='word_1_118' title='bbox 201 2006 329 2082; x_wconf 89' lang='lat' dir='ltr'><strong>nuntius</strong></span> <span class='ocrx_word' id='word_1_119' title='bbox 356 2027 466 2082; x_wconf 82' lang='lat' dir='ltr'><strong>nortus</strong></span> <span class='ocrx_word' id='word_1_120' title='bbox 495 2015 570 2081; x_wconf 88' lang='lat' dir='ltr'><strong>est“</strong></span> <span class='ocrx_word' id='word_1_121' title='bbox 598 2037 635 2081; x_wconf 90' lang='lat' dir='ltr'><strong>se</strong></span> <span class='ocrx_word' id='word_1_122' title='bbox 660 2021 763 2100; x_wconf 91' lang='lat' dir='ltr'><strong>ipsum</strong></span> <span class='ocrx_word' id='word_1_123' title='bbox 790 2019 841 2080; x_wconf 88' lang='lat' dir='ltr'><strong>his</strong></span> <span class='ocrx_word' id='word_1_124' title='bbox 867 2018 975 2083; x_wconf 85' lang='lat' dir='ltr'><strong>verbis</strong></span> <span class='ocrx_word' id='word_1_125' title='bbox 1001 2019 1189 2104; x_wconf 83' lang='lat' dir='ltr'><strong>intelligens.</strong></span> 
     </span>
     <span class='ocr_line' id='line_1_17' title="bbox 99 2125 1189 2210; baseline 0.001 -21"><span class='ocrx_word' id='word_1_126' title='bbox 99 2129 183 2190; x_wconf 77' lang='lat' dir='ltr'><strong>&#39;l&#39;nm</strong></span> <span class='ocrx_word' id='word_1_127' title='bbox 203 2128 314 2189; x_wconf 91' lang='lat' dir='ltr'><strong>marito</strong></span> <span class='ocrx_word' id='word_1_128' title='bbox 335 2125 367 2189; x_wconf 92' lang='lat' dir='ltr'><strong>id</strong></span> <span class='ocrx_word' id='word_1_129' title='bbox 388 2126 472 2209; x_wconf 88' lang='lat' dir='ltr'><strong>quod</strong></span> <span class='ocrx_word' id='word_1_130' title='bbox 491 2125 615 2190; x_wconf 87' lang='lat' dir='ltr'><strong>viderat</strong></span> <span class='ocrx_word' id='word_1_131' title='bbox 636 2134 669 2188; x_wconf 88' lang='lat' dir='ltr'><strong>et</strong></span> <span class='ocrx_word' id='word_1_132' title='bbox 689 2125 873 2210; x_wconf 85' lang='lat' dir='ltr'><strong>audiverat,</strong></span> <span class='ocrx_word' id='word_1_133' title='bbox 902 2127 1049 2190; x_wconf 83' lang='lat' dir='ltr'><strong>narravit.</strong></span> <span class='ocrx_word' id='word_1_134' title='bbox 1093 2126 1189 2207; x_wconf 84' lang='lat' dir='ltr'><strong>Quod</strong></span> 
     </span>
     <span class='ocr_line' id='line_1_18' title="bbox 100 2215 1190 2334; baseline 0.003 -36"><span class='ocrx_word' id='word_1_135' title='bbox 100 2253 198 2318; x_wconf 88' lang='lat' dir='ltr'><strong>quum</strong></span> <span class='ocrx_word' id='word_1_136' title='bbox 218 2234 339 2296; x_wconf 90' lang='lat' dir='ltr'><strong>mulieri</strong></span> <span class='ocrx_word' id='word_1_137' title='bbox 359 2236 491 2299; x_wconf 83' lang='lat' dir='ltr'><strong>maritus</strong></span> <span class='ocrx_word' id='word_1_138' title='bbox 512 2235 675 2316; x_wconf 88' lang='lat' dir='ltr'><strong>obiioeret,</strong></span> <span class='ocrx_word' id='word_1_139' title='bbox 696 2252 736 2295; x_wconf 90' lang='lat' dir='ltr'><strong>ea</strong></span> <span class='ocrx_word' id='word_1_140' title='bbox 758 2233 849 2295; x_wconf 86' lang='lat' dir='ltr'><strong>dixit:</strong></span> <span class='ocrx_word' id='word_1_141' title='bbox 880 2235 908 2318; x_wconf 67' lang='lat'><em>3</em></span> <span class='ocrx_word' id='word_1_142' title='bbox 934 2226 1009 2300; x_wconf 61' lang='lat' dir='ltr'><strong>lid-9</strong></span> <span class='ocrx_word' id='word_1_143' title='bbox 1033 2235 1131 2334; x_wconf 59' lang='lat' dir='ltr'><strong>olfi·</strong></span> <span class='ocrx_word' id='word_1_144' title='bbox 1157 2215 1190 2301; x_wconf 63' lang='lat' dir='ltr'><strong>la</strong></span> 
     </span>
    </p>
   </div>
   <div class='ocr_carea' id='block_1_3' title="bbox 99 2354 1190 2450">
    <p class='ocr_par' dir='ltr' id='par_1_3' title="bbox 99 2354 1190 2450">
     <span class='ocr_line' id='line_1_19' title="bbox 99 2354 1190 2450; baseline -0.005 -26"><span class='ocrx_word' id='word_1_145' title='bbox 99 2359 212 2450; x_wconf 54' lang='lat' dir='ltr'><strong>&amp;loo</strong></span> <span class='ocrx_word' id='word_1_146' title='bbox 229 2359 332 2443; x_wconf 77' lang='lat' dir='ltr'><strong>„Hoc</strong></span> <span class='ocrx_word' id='word_1_147' title='bbox 353 2375 415 2422; x_wconf 93' lang='lat' dir='ltr'><strong>non</strong></span> <span class='ocrx_word' id='word_1_148' title='bbox 438 2354 623 2440; x_wconf 83' lang='lat' dir='ltr'><strong>putabam.“</strong></span> <span class='ocrx_word' id='word_1_149' title='bbox 651 2357 849 2436; x_wconf 83' lang='lat' dir='ltr'><strong>Lokmonus,</strong></span> <span class='ocrx_word' id='word_1_150' title='bbox 872 2362 907 2416; x_wconf 90' lang='lat' dir='ltr'><strong>ut</strong></span> <span class='ocrx_word' id='word_1_151' title='bbox 927 2356 1075 2420; x_wconf 78' lang='lat' dir='ltr'><strong>iudicium</strong></span> <span class='ocrx_word' id='word_1_152' title='bbox 1096 2357 1190 2420; x_wconf 54' lang='lat' dir='ltr'><strong>foces</strong></span> 
     </span>
    </p>
   </div>
   <div class='ocr_carea' id='block_1_4' title="bbox 97 2479 1264 2687">
    <p class='ocr_par' dir='ltr' id='par_1_4' title="bbox 97 2479 1264 2687">
     <span class='ocr_line' id='line_1_20' title="bbox 98 2479 1191 2567; baseline -0.002 -21"><span class='ocrx_word' id='word_1_153' title='bbox 98 2489 166 2565; x_wconf 87' lang='lat' dir='ltr'><strong>ret,</strong></span> <span class='ocrx_word' id='word_1_154' title='bbox 189 2490 320 2563; x_wconf 83' lang='lat' dir='ltr'><strong>rogatus</strong></span> <span class='ocrx_word' id='word_1_155' title='bbox 345 2481 438 2544; x_wconf 87' lang='lat' dir='ltr'><strong>dixit:</strong></span> <span class='ocrx_word' id='word_1_156' title='bbox 460 2481 597 2564; x_wconf 87' lang='lat' dir='ltr'><strong>lapidate</strong></span> <span class='ocrx_word' id='word_1_157' title='bbox 619 2501 707 2567; x_wconf 87' lang='lat' dir='ltr'><strong>eam,</strong></span> <span class='ocrx_word' id='word_1_158' title='bbox 738 2479 1000 2562; x_wconf 80' lang='lat' dir='ltr'><strong>quemadmodum</strong></span> <span class='ocrx_word' id='word_1_159' title='bbox 1022 2481 1138 2544; x_wconf 84' lang='lat' dir='ltr'><strong>vivens</strong></span> <span class='ocrx_word' id='word_1_160' title='bbox 1158 2479 1191 2545; x_wconf 88' lang='lat' dir='ltr'><strong>in</strong></span> 
     </span>
     <span class='ocr_line' id='line_1_21' title="bbox 97 2581 1264 2687; baseline 0.003 -34"><span class='ocrx_word' id='word_1_161' title='bbox 97 2588 270 2671; x_wconf 79' lang='lat' dir='ltr'><strong>sepulchro</strong></span> <span class='ocrx_word' id='word_1_162' title='bbox 291 2590 395 2670; x_wconf 92' lang='lat' dir='ltr'><strong>posita</strong></span> <span class='ocrx_word' id='word_1_163' title='bbox 417 2597 480 2671; x_wconf 90' lang='lat' dir='ltr'><strong>est,</strong></span> <span class='ocrx_word' id='word_1_164' title='bbox 501 2590 571 2652; x_wconf 89' lang='lat' dir='ltr'><strong>viro</strong></span> <span class='ocrx_word' id='word_1_165' title='bbox 593 2597 699 2652; x_wconf 90' lang='lat' dir='ltr'><strong>autem</strong></span> <span class='ocrx_word' id='word_1_166' title='bbox 720 2607 834 2670; x_wconf 89' lang='lat' dir='ltr'><strong>penem</strong></span> <span class='ocrx_word' id='word_1_167' title='bbox 855 2607 875 2650; x_wconf 91' lang='lat' dir='ltr'><strong>a</strong></span> <span class='ocrx_word' id='word_1_168' title='bbox 892 2591 1049 2682; x_wconf 81' lang='lat' dir='ltr'><strong>testiculis</strong></span> <span class='ocrx_word' id='word_1_169' title='bbox 1074 2589 1189 2687; x_wconf 48' lang='lat' dir='ltr'><strong>(sigali)</strong></span> <span class='ocrx_word' id='word_1_170' title='bbox 1259 2581 1264 2588; x_wconf 72' lang='grc'>’</span> 
     </span>
    </p>
   </div>
   <div class='ocr_carea' id='block_1_5' title="bbox 97 2695 1192 2905">
    <p class='ocr_par' dir='ltr' id='par_1_5' title="bbox 97 2695 1192 2905">
     <span class='ocr_line' id='line_1_22' title="bbox 98 2695 1191 2796; baseline -0.002 -20"><span class='ocrx_word' id='word_1_171' title='bbox 98 2719 267 2794; x_wconf 86' lang='lat' dir='ltr'><strong>separate,</strong></span> <span class='ocrx_word' id='word_1_172' title='bbox 300 2695 558 2793; x_wconf 87' lang='lat' dir='ltr'><strong>quemadmodum</strong></span> <span class='ocrx_word' id='word_1_173' title='bbox 584 2730 716 2776; x_wconf 90' lang='lat' dir='ltr'><strong>uxorem</strong></span> <span class='ocrx_word' id='word_1_174' title='bbox 737 2732 757 2774; x_wconf 87' lang='lat' dir='ltr'><strong>a</strong></span> <span class='ocrx_word' id='word_1_175' title='bbox 777 2712 888 2775; x_wconf 90' lang='lat' dir='ltr'><strong>marito</strong></span> <span class='ocrx_word' id='word_1_176' title='bbox 909 2713 1079 2796; x_wconf 86' lang='lat' dir='ltr'><strong>separavit.</strong></span> <span class='ocrx_word' id='word_1_177' title='bbox 1121 2714 1191 2778; x_wconf 78' lang='lat' dir='ltr'><strong>ro-</strong></span> 
     </span>
     <span class='ocr_line' id='line_1_23' title="bbox 97 2820 1192 2905; baseline 0.001 -20"><span class='ocrx_word' id='word_1_178' title='bbox 97 2823 186 2886; x_wconf 84' lang='lat' dir='ltr'><strong>mine</strong></span> <span class='ocrx_word' id='word_1_179' title='bbox 220 2820 359 2905; x_wconf 88' lang='lat' dir='ltr'><strong>lapidata</strong></span> <span class='ocrx_word' id='word_1_180' title='bbox 387 2830 421 2884; x_wconf 90' lang='lat' dir='ltr'><strong>et</strong></span> <span class='ocrx_word' id='word_1_181' title='bbox 449 2823 518 2886; x_wconf 89' lang='lat' dir='ltr'><strong>viro</strong></span> <span class='ocrx_word' id='word_1_182' title='bbox 544 2822 636 2905; x_wconf 86' lang='lat' dir='ltr'><strong>penis</strong></span> <span class='ocrx_word' id='word_1_183' title='bbox 666 2830 811 2886; x_wconf 81' lang='lat' dir='ltr'><strong>resectus</strong></span> <span class='ocrx_word' id='word_1_184' title='bbox 844 2832 904 2886; x_wconf 85' lang='lat' dir='ltr'><strong>est.</strong></span> <span class='ocrx_word' id='word_1_185' title='bbox 948 2822 1192 2886; x_wconf 84' lang='lat' dir='ltr'><strong>Observandum</strong></span> 
     </span>
    </p>
   </div>
   <div class='ocr_carea' id='block_1_6' title="bbox 99 2927 1193 3367">
    <p class='ocr_par' dir='ltr' id='par_1_6' title="bbox 99 2927 1193 3367">
     <span class='ocr_line' id='line_1_24' title="bbox 99 2927 1191 3012; baseline 0.002 -22"><span class='ocrx_word' id='word_1_186' title='bbox 99 2936 211 2998; x_wconf 85' lang='lat' dir='ltr'><strong>autem</strong></span> <span class='ocrx_word' id='word_1_187' title='bbox 239 2929 347 2992; x_wconf 90' lang='lat' dir='ltr'><strong>estin</strong></span> <span class='ocrx_word' id='word_1_188' title='bbox 375 2927 492 3000; x_wconf 27' lang='lat' dir='ltr'><strong>istola</strong></span> <span class='ocrx_word' id='word_1_189' title='bbox 518 2928 683 2991; x_wconf 81' lang='lat' dir='ltr'><strong>Lokmano</strong></span> <span class='ocrx_word' id='word_1_190' title='bbox 714 2929 778 2993; x_wconf 90' lang='lat' dir='ltr'><strong>lato</strong></span> <span class='ocrx_word' id='word_1_191' title='bbox 813 2929 927 2992; x_wconf 87' lang='lat' dir='ltr'><strong>iudieio</strong></span> <span class='ocrx_word' id='word_1_192' title='bbox 960 2947 1035 2992; x_wconf 86' lang='lat' dir='ltr'><strong>esse</strong></span> <span class='ocrx_word' id='word_1_193' title='bbox 1064 2928 1191 3012; x_wconf 89' lang='lat' dir='ltr'><strong>quidam</strong></span> 
     </span>
     <span class='ocr_line' id='line_1_25' title="bbox 99 3035 1193 3140; baseline 0.003 -43"><span class='ocrx_word' id='word_1_194' title='bbox 99 3036 271 3099; x_wconf 86' lang='lat' dir='ltr'><strong>verborum</strong></span> <span class='ocrx_word' id='word_1_195' title='bbox 290 3038 390 3120; x_wconf 89' lang='lat' dir='ltr'><strong>lusus,</strong></span> <span class='ocrx_word' id='word_1_196' title='bbox 413 3045 450 3099; x_wconf 92' lang='lat' dir='ltr'><strong>nt</strong></span> <span class='ocrx_word' id='word_1_197' title='bbox 468 3035 617 3118; x_wconf 86' lang='lat' dir='ltr'><strong>lapidatio</strong></span> <span class='ocrx_word' id='word_1_198' title='bbox 637 3065 732 3140; x_wconf 54' lang='lat' dir='ltr'><strong>R)</strong></span> <span class='ocrx_word' id='word_1_199' title='bbox 762 3037 971 3120; x_wconf 88' lang='lat' dir='ltr'><strong>asepulohro</strong></span> <span class='ocrx_word' id='word_1_200' title='bbox 1000 3065 1088 3140; x_wconf 38' lang='grc' dir='ltr'><strong>ᾖ),</strong></span> <span class='ocrx_word' id='word_1_201' title='bbox 1117 3035 1193 3100; x_wconf 90' lang='lat' dir='ltr'><strong>illud</strong></span> 
     </span>
     <span class='ocr_line' id='line_1_26' title="bbox 102 3159 1192 3261; baseline 0.003 -38"><span class='ocrx_word' id='word_1_202' title='bbox 102 3159 236 3223; x_wconf 77' lang='lat' dir='ltr'><strong>alterum</strong></span> <span class='ocrx_word' id='word_1_203' title='bbox 263 3161 430 3246; x_wconf 50' lang='lat' dir='ltr'><strong>ukfft</strong></span> <span class='ocrx_word' id='word_1_204' title='bbox 460 3161 499 3223; x_wconf 89' lang='lat' dir='ltr'><strong>ab</strong></span> <span class='ocrx_word' id='word_1_205' title='bbox 521 3179 581 3245; x_wconf 89' lang='lat' dir='ltr'><strong>eo,</strong></span> <span class='ocrx_word' id='word_1_206' title='bbox 612 3162 697 3244; x_wconf 90' lang='lat' dir='ltr'><strong>quod</strong></span> <span class='ocrx_word' id='word_1_207' title='bbox 717 3163 820 3228; x_wconf 89' lang='lat' dir='ltr'><strong>virum</strong></span> <span class='ocrx_word' id='word_1_208' title='bbox 842 3181 863 3227; x_wconf 87' lang='lat' dir='ltr'><strong>a</strong></span> <span class='ocrx_word' id='word_1_209' title='bbox 882 3161 1001 3226; x_wconf 81' lang='lat' dir='ltr'><strong>femina</strong></span> <span class='ocrx_word' id='word_1_210' title='bbox 1030 3160 1192 3261; x_wconf 39' lang='lat' dir='ltr'><strong>(tait)</strong></span> 
     </span>
     <span class='ocr_line' id='line_1_27' title="bbox 101 3284 602 3367; baseline 0.012 -23"><span class='ocrx_word' id='word_1_211' title='bbox 101 3292 331 3367; x_wconf 70' lang='lat' dir='ltr'><strong>separaverat,</strong></span> <span class='ocrx_word' id='word_1_212' title='bbox 353 3284 531 3350; x_wconf 87' lang='lat' dir='ltr'><strong>derivatum</strong></span> <span class='ocrx_word' id='word_1_213' title='bbox 552 3288 602 3350; x_wconf 89' lang='lat' dir='ltr'><strong>sit</strong></span> 
     </span>
    </p>
   </div>
   <div class='ocr_carea' id='block_1_7' title="bbox 104 3591 686 3752">
    <p class='ocr_par' dir='ltr' id='par_1_7' title="bbox 104 3591 686 3752">
     <span class='ocr_line' id='line_1_28' title="bbox 104 3591 686 3752; baseline 0.002 -28"><span class='ocrx_word' id='word_1_214' title='bbox 104 3653 162 3724; x_wconf 81' lang='lat'><strong>31.</strong></span> <span class='ocrx_word' id='word_1_215' title='bbox 216 3648 384 3752; x_wconf 85' lang='lat' dir='ltr'><strong>Epistola</strong></span> <span class='ocrx_word' id='word_1_216' title='bbox 408 3591 686 3728; x_wconf 68' lang='lat' dir='ltr'><strong>Motdlammesi.</strong></span> 
     </span>
    </p>
   </div>
   <div class='ocr_carea' id='block_1_8' title="bbox 101 3791 1194 4314">
    <p class='ocr_par' dir='ltr' id='par_1_8' title="bbox 101 3791 1194 4314">
     <span class='ocr_line' id='line_1_29' title="bbox 167 3791 1193 3890; baseline 0.005 -35"><span class='ocrx_word' id='word_1_217' title='bbox 167 3791 259 3857; x_wconf 83' lang='lat' dir='ltr'><strong>Conl.</strong></span> <span class='ocrx_word' id='word_1_218' title='bbox 280 3795 484 3860; x_wconf 82' lang='lat' dir='ltr'><strong>ibn-Cotuib.</strong></span> <span class='ocrx_word' id='word_1_219' title='bbox 499 3799 611 3862; x_wconf 81' lang='lat' dir='ltr'><strong>Eiohh.</strong></span> <span class='ocrx_word' id='word_1_220' title='bbox 624 3821 654 3890; x_wconf 88' lang='lat' dir='ltr'><strong>p.</strong></span> <span class='ocrx_word' id='word_1_221' title='bbox 671 3801 738 3862; x_wconf 82' lang='lat'>194.</span> <span class='ocrx_word' id='word_1_222' title='bbox 754 3800 865 3865; x_wconf 84' lang='lat' dir='ltr'><strong>Reislr.</strong></span> <span class='ocrx_word' id='word_1_223' title='bbox 885 3800 926 3866; x_wconf 90' lang='lat' dir='ltr'><strong>ad</strong></span> <span class='ocrx_word' id='word_1_224' title='bbox 939 3797 1078 3881; x_wconf 78' lang='lat' dir='ltr'><strong>Taraph.</strong></span> <span class='ocrx_word' id='word_1_225' title='bbox 1093 3795 1193 3878; x_wconf 84' lang='lat' dir='ltr'><strong>praef.</strong></span> 
     </span>
     <span class='ocr_line' id='line_1_30' title="bbox 102 3899 1193 3983; baseline 0.005 -21"><span class='ocrx_word' id='word_1_226' title='bbox 102 3919 135 3982; x_wconf 92' lang='lat' dir='ltr'><strong>p.</strong></span> <span class='ocrx_word' id='word_1_227' title='bbox 148 3899 199 3962; x_wconf 85' lang='grc'><strong>64.</strong></span> <span class='ocrx_word' id='word_1_228' title='bbox 207 3919 254 3983; x_wconf 89' lang='lat' dir='ltr'><strong>sq.</strong></span> <span class='ocrx_word' id='word_1_229' title='bbox 262 3902 415 3982; x_wconf 71' lang='lat' dir='ltr'><strong>Quondam</strong></span> <span class='ocrx_word' id='word_1_230' title='bbox 428 3906 598 3970; x_wconf 84' lang='lat' dir='ltr'><strong>similitudo</strong></span> <span class='ocrx_word' id='word_1_231' title='bbox 612 3907 702 3975; x_wconf 80' lang='lat' dir='ltr'><strong>hisee</strong></span> <span class='ocrx_word' id='word_1_232' title='bbox 715 3909 829 3978; x_wconf 81' lang='lat' dir='ltr'><strong>litteris</strong></span> <span class='ocrx_word' id='word_1_233' title='bbox 845 3927 918 3975; x_wconf 85' lang='lat' dir='ltr'><strong>oum</strong></span> <span class='ocrx_word' id='word_1_234' title='bbox 930 3908 1193 3972; x_wconf 87' lang='lat' dir='ltr'><strong>litterisBellero-</strong></span> 
     </span>
     <span class='ocr_line' id='line_1_31' title="bbox 101 4004 1194 4097; baseline 0.006 -30"><span class='ocrx_word' id='word_1_235' title='bbox 101 4004 231 4090; x_wconf 90' lang='lat' dir='ltr'><strong>phontis</strong></span> <span class='ocrx_word' id='word_1_236' title='bbox 248 4016 308 4071; x_wconf 89' lang='lat' dir='ltr'><strong>est.</strong></span> <span class='ocrx_word' id='word_1_237' title='bbox 330 4011 445 4073; x_wconf 84' lang='lat' dir='ltr'><strong>&#39;l&#39;otam</strong></span> <span class='ocrx_word' id='word_1_238' title='bbox 460 4019 567 4090; x_wconf 83' lang='lat' dir='ltr'><strong>optem</strong></span> <span class='ocrx_word' id='word_1_239' title='bbox 583 4014 746 4077; x_wconf 79' lang='lat' dir='ltr'><strong>historiam</strong></span> <span class='ocrx_word' id='word_1_240' title='bbox 760 4033 857 4097; x_wconf 90' lang='lat' dir='ltr'><strong>quum</strong></span> <span class='ocrx_word' id='word_1_241' title='bbox 872 4016 945 4077; x_wconf 80' lang='lat' dir='ltr'><strong>olor.</strong></span> <span class='ocrx_word' id='word_1_242' title='bbox 957 4014 1138 4077; x_wconf 90' lang='lat' dir='ltr'><strong>Vullersins</strong></span> <span class='ocrx_word' id='word_1_243' title='bbox 1152 4010 1194 4078; x_wconf 81' lang='lat' dir='ltr'><strong>ad</strong></span> 
     </span>
     <span class='ocr_line' id='line_1_32' title="bbox 102 4116 1193 4206; baseline 0.005 -26"><span class='ocrx_word' id='word_1_244' title='bbox 102 4116 229 4180; x_wconf 72' lang='lat' dir='ltr'><strong>Tereia</strong></span> <span class='ocrx_word' id='word_1_245' title='bbox 242 4117 435 4184; x_wconf 79' lang='lat' dir='ltr'><strong>Moallnlram</strong></span> <span class='ocrx_word' id='word_1_246' title='bbox 450 4139 480 4201; x_wconf 90' lang='lat' dir='ltr'><strong>p.</strong></span> <span class='ocrx_word' id='word_1_247' title='bbox 500 4119 531 4182; x_wconf 83' lang='lat'><strong>5.</strong></span> <span class='ocrx_word' id='word_1_248' title='bbox 550 4139 598 4206; x_wconf 89' lang='lat' dir='ltr'><strong>sq.</strong></span> <span class='ocrx_word' id='word_1_249' title='bbox 620 4141 693 4187; x_wconf 89' lang='lat' dir='ltr'><strong>eum</strong></span> <span class='ocrx_word' id='word_1_250' title='bbox 714 4131 805 4186; x_wconf 86' lang='lat' dir='ltr'><strong>textu</strong></span> <span class='ocrx_word' id='word_1_251' title='bbox 821 4122 959 4186; x_wconf 79' lang='lat' dir='ltr'><strong>Arabico</strong></span> <span class='ocrx_word' id='word_1_252' title='bbox 982 4141 1025 4186; x_wconf 88' lang='lat' dir='ltr'><strong>ex</strong></span> <span class='ocrx_word' id='word_1_253' title='bbox 1042 4119 1193 4186; x_wconf 70' lang='lat' dir='ltr'><strong>Meidunii</strong></span> 
     </span>
     <span class='ocr_line' id='line_1_33' title="bbox 102 4221 1192 4314; baseline 0.005 -26"><span class='ocrx_word' id='word_1_254' title='bbox 102 4240 201 4307; x_wconf 87' lang='lat' dir='ltr'><strong>opere</strong></span> <span class='ocrx_word' id='word_1_255' title='bbox 232 4221 394 4313; x_wconf 74' lang='lat' dir='ltr'><strong>adtulerit,</strong></span> <span class='ocrx_word' id='word_1_256' title='bbox 434 4227 526 4292; x_wconf 87' lang='lat' dir='ltr'><strong>nobis</strong></span> <span class='ocrx_word' id='word_1_257' title='bbox 562 4231 689 4297; x_wconf 89' lang='lat' dir='ltr'><strong>brevior</strong></span> <span class='ocrx_word' id='word_1_258' title='bbox 724 4229 884 4314; x_wconf 87' lang='lat' dir='ltr'><strong>proverbii</strong></span> <span class='ocrx_word' id='word_1_259' title='bbox 916 4229 1085 4314; x_wconf 71' lang='lat' dir='ltr'><strong>explicatio</strong></span> <span class='ocrx_word' id='word_1_260' title='bbox 1116 4227 1192 4294; x_wconf 81' lang='lat' dir='ltr'><strong>sul-</strong></span> 
     </span>
    </p>
   </div>
   <div class='ocr_carea' id='block_1_9' title="bbox 0 0 1498 4946">
    <p class='ocr_par' dir='ltr' id='par_1_9' title="bbox 0 0 1498 4946">
     <span class='ocr_line' id='line_1_34' title="bbox 0 0 1498 4946; baseline 0 0"><span class='ocrx_word' id='word_1_261' title='bbox 0 0 1498 4946; x_wconf 95' lang='lat' dir='ltr'><strong> </strong></span> 
     </span>
    </p>
   </div>
  </div>
 </body>
</html>
