<?xml version="1.0" encoding="UTF-8"?>
<!DOCTYPE html PUBLIC "-//W3C//DTD XHTML 1.0 Transitional//EN"
    "http://www.w3.org/TR/xhtml1/DTD/xhtml1-transitional.dtd">
<html xmlns="http://www.w3.org/1999/xhtml" xml:lang="en" lang="en">
 <head>
  <title>
</title>
<meta http-equiv="Content-Type" content="text/html;charset=utf-8" />
  <meta name='ocr-system' content='tesseract 3.04.00' />
  <meta name='ocr-capabilities' content='ocr_page ocr_carea ocr_par ocr_line ocrx_word'/>
</head>
<body>
  <div class='ocr_page' id='page_1' title='image "./arabumproverbia04alfgoog_0013.png"; bbox 0 0 2988 4952; ppageno 0'>
   <div class='ocr_carea' id='block_1_1' title="bbox 654 365 944 408">
    <p class='ocr_par' dir='ltr' id='par_1_1' title="bbox 654 365 944 408">
     <span class='ocr_line' id='line_1_1' title="bbox 654 365 944 408; baseline 0.003 -1"><span class='ocrx_word' id='word_1_1' title='bbox 654 365 944 408; x_wconf 79' lang='lat' dir='ltr'><strong>-rv-·-</strong></span> 
     </span>
    </p>
   </div>
   <div class='ocr_carea' id='block_1_2' title="bbox 209 527 1344 1544">
    <p class='ocr_par' dir='ltr' id='par_1_2' title="bbox 209 527 1344 1544">
     <span class='ocr_line' id='line_1_2' title="bbox 291 527 1299 616; baseline 0.005 -26"><span class='ocrx_word' id='word_1_2' title='bbox 291 527 382 607; x_wconf 70' lang='lat' dir='ltr'><strong>Quae</strong></span> <span class='ocrx_word' id='word_1_3' title='bbox 405 528 446 592; x_wconf 90' lang='lat' dir='ltr'><strong>de</strong></span> <span class='ocrx_word' id='word_1_4' title='bbox 467 530 705 610; x_wconf 84' lang='lat' dir='ltr'><strong>proverbiorum</strong></span> <span class='ocrx_word' id='word_1_5' title='bbox 721 527 897 594; x_wconf 70' lang='lat' dir='ltr'><strong>oditorfflus</strong></span> <span class='ocrx_word' id='word_1_6' title='bbox 920 530 1081 616; x_wconf 74' lang='lat' dir='ltr'><strong>praemisi,</strong></span> <span class='ocrx_word' id='word_1_7' title='bbox 1103 551 1143 596; x_wconf 87' lang='lat' dir='ltr'><strong>ea</strong></span> <span class='ocrx_word' id='word_1_8' title='bbox 1163 533 1299 614; x_wconf 72' lang='lat' dir='ltr'><strong>potimi-</strong></span> 
     </span>
     <span class='ocr_line' id='line_1_3' title="bbox 209 657 1301 758; baseline 0.005 -36"><span class='ocrx_word' id='word_1_9' title='bbox 209 657 294 723; x_wconf 87' lang='lat' dir='ltr'><strong>mum</strong></span> <span class='ocrx_word' id='word_1_10' title='bbox 316 679 417 723; x_wconf 76' lang='lat' dir='ltr'><strong>cauea</strong></span> <span class='ocrx_word' id='word_1_11' title='bbox 437 659 595 724; x_wconf 78' lang='lat' dir='ltr'><strong>adductus</strong></span> <span class='ocrx_word' id='word_1_12' title='bbox 617 661 682 722; x_wconf 85' lang='lat' dir='ltr'><strong>dixi</strong></span> <span class='ocrx_word' id='word_1_13' title='bbox 693 705 703 743; x_wconf 84' lang='lat'><strong><em>,</em></strong></span> <span class='ocrx_word' id='word_1_14' title='bbox 732 671 767 724; x_wconf 90' lang='lat' dir='ltr'><strong>nt</strong></span> <span class='ocrx_word' id='word_1_15' title='bbox 786 665 933 746; x_wconf 74' lang='lat' dir='ltr'><strong>legentes</strong></span> <span class='ocrx_word' id='word_1_16' title='bbox 955 663 1116 748; x_wconf 77' lang='lat' dir='ltr'><strong>viderent,</strong></span> <span class='ocrx_word' id='word_1_17' title='bbox 1136 664 1301 758; x_wconf 74' lang='lat' dir='ltr'><strong>qucediet</strong></span> 
     </span>
     <span class='ocr_line' id='line_1_4' title="bbox 209 793 1301 879; baseline 0.004 -23"><span class='ocrx_word' id='word_1_18' title='bbox 209 793 394 875; x_wconf 76' lang='lat' dir='ltr'><strong>antiquiori·</strong></span> <span class='ocrx_word' id='word_1_19' title='bbox 424 801 457 855; x_wconf 91' lang='lat' dir='ltr'><strong>et</strong></span> <span class='ocrx_word' id='word_1_20' title='bbox 487 794 672 856; x_wconf 74' lang='lat' dir='ltr'><strong>recentioris</strong></span> <span class='ocrx_word' id='word_1_21' title='bbox 707 793 778 856; x_wconf 88' lang='lat' dir='ltr'><strong>aevi</strong></span> <span class='ocrx_word' id='word_1_22' title='bbox 816 795 877 856; x_wconf 81' lang='lat' dir='ltr'><strong>viri</strong></span> <span class='ocrx_word' id='word_1_23' title='bbox 908 796 1101 860; x_wconf 73' lang='lat' dir='ltr'><strong>celeberrimi</strong></span> <span class='ocrx_word' id='word_1_24' title='bbox 1128 796 1301 879; x_wconf 68' lang='lat' dir='ltr'><strong>proverbia</strong></span> 
     </span>
     <span class='ocr_line' id='line_1_5' title="bbox 209 925 1303 1011; baseline 0.004 -24"><span class='ocrx_word' id='word_1_25' title='bbox 209 927 349 988; x_wconf 80' lang='lat' dir='ltr'><strong>Arabica</strong></span> <span class='ocrx_word' id='word_1_26' title='bbox 376 925 527 1007; x_wconf 82' lang='lat' dir='ltr'><strong>feceriut,</strong></span> <span class='ocrx_word' id='word_1_27' title='bbox 558 943 688 1006; x_wconf 84' lang='lat' dir='ltr'><strong>qnorum</strong></span> <span class='ocrx_word' id='word_1_28' title='bbox 716 926 896 1008; x_wconf 84' lang='lat' dir='ltr'><strong>exemplum</strong></span> <span class='ocrx_word' id='word_1_29' title='bbox 934 941 1006 1011; x_wconf 84' lang='lat' dir='ltr'><strong>ego·</strong></span> <span class='ocrx_word' id='word_1_30' title='bbox 1025 936 1303 1011; x_wconf 50' lang='lat' dir='ltr'><strong>secutueyouum</strong></span> 
     </span>
     <span class='ocr_line' id='line_1_6' title="bbox 209 1051 1338 1145; baseline -0.004 -23"><span class='ocrx_word' id='word_1_31' title='bbox 209 1077 292 1123; x_wconf 84' lang='lat' dir='ltr'><strong>anno</strong></span> <span class='ocrx_word' id='word_1_32' title='bbox 310 1051 403 1121; x_wconf 71' lang='lat'>‘1824</span> <span class='ocrx_word' id='word_1_33' title='bbox 430 1058 563 1122; x_wconf 84' lang='lat' dir='ltr'><strong>Parisiis</strong></span> <span class='ocrx_word' id='word_1_34' title='bbox 592 1077 759 1141; x_wconf 76' lang='lat' dir='ltr'><strong>versarer,</strong></span> <span class='ocrx_word' id='word_1_35' title='bbox 794 1058 916 1122; x_wconf 81' lang='lat' dir='ltr'><strong>corbeis</strong></span> <span class='ocrx_word' id='word_1_36' title='bbox 949 1058 1101 1123; x_wconf 75' lang='lat' dir='ltr'><strong>Meidaeii</strong></span> <span class='ocrx_word' id='word_1_37' title='bbox 1128 1061 1303 1145; x_wconf 75' lang='lat' dir='ltr'><strong>exemplar,</strong></span> <span class='ocrx_word' id='word_1_38' title='bbox 1336 1113 1338 1118; x_wconf 90' lang='lat'><em>.</em></span> 
     </span>
     <span class='ocr_line' id='line_1_7' title="bbox 210 1177 1303 1276; baseline 0.003 -22"><span class='ocrx_word' id='word_1_39' title='bbox 210 1191 295 1275; x_wconf 85' lang='lat' dir='ltr'><strong>quod</strong></span> <span class='ocrx_word' id='word_1_40' title='bbox 315 1177 440 1253; x_wconf 72' lang='lat' dir='ltr'><strong>summa</strong></span> <span class='ocrx_word' id='word_1_41' title='bbox 460 1209 534 1253; x_wconf 91' lang='lat' dir='ltr'><strong>cum</strong></span> <span class='ocrx_word' id='word_1_42' title='bbox 555 1191 750 1274; x_wconf 72' lang='lat' dir='ltr'><strong>benignitate</strong></span> <span class='ocrx_word' id='word_1_43' title='bbox 770 1208 855 1254; x_wconf 79' lang='lat' dir='ltr'><strong>ncnc</strong></span> <span class='ocrx_word' id='word_1_44' title='bbox 876 1181 1087 1256; x_wconf 72' lang='lat' dir='ltr'><strong>beatae—Sila.</strong></span> <span class='ocrx_word' id='word_1_45' title='bbox 1109 1193 1150 1255; x_wconf 89' lang='lat' dir='ltr'><strong>de</strong></span> <span class='ocrx_word' id='word_1_46' title='bbox 1171 1190 1303 1276; x_wconf 53' lang='lat' dir='ltr'><strong>seyr)</strong></span> 
     </span>
     <span class='ocr_line' id='line_1_8' title="bbox 210 1323 1303 1409; baseline 0.002 -21"><span class='ocrx_word' id='word_1_47' title='bbox 210 1327 240 1388; x_wconf 94' lang='lat' dir='ltr'><strong>in</strong></span> <span class='ocrx_word' id='word_1_48' title='bbox 261 1341 354 1386; x_wconf 71' lang='lat' dir='ltr'><strong>usian</strong></span> <span class='ocrx_word' id='word_1_49' title='bbox 374 1323 451 1387; x_wconf 85' lang='lat' dir='ltr'><strong>milri</strong></span> <span class='ocrx_word' id='word_1_50' title='bbox 470 1326 640 1408; x_wconf 83' lang='lat' dir='ltr'><strong>obtulerat,</strong></span> <span class='ocrx_word' id='word_1_51' title='bbox 669 1324 826 1408; x_wconf 75' lang='lat' dir='ltr'><strong>descripsi</strong></span> <span class='ocrx_word' id='word_1_52' title='bbox 847 1345 888 1388; x_wconf 90' lang='lat' dir='ltr'><strong>co</strong></span> <span class='ocrx_word' id='word_1_53' title='bbox 909 1325 1039 1388; x_wconf 85' lang='lat' dir='ltr'><strong>consilio</strong></span> <span class='ocrx_word' id='word_1_54' title='bbox 1049 1371 1060 1409; x_wconf 83' lang='grc'>,</span> <span class='ocrx_word' id='word_1_55' title='bbox 1087 1323 1138 1409; x_wconf 74' lang='lat' dir='ltr'><strong>ut&#39;,</strong></span> <span class='ocrx_word' id='word_1_56' title='bbox 1160 1329 1189 1390; x_wconf 84' lang='lat' dir='ltr'><strong>ei</strong></span> <span class='ocrx_word' id='word_1_57' title='bbox 1209 1329 1303 1390; x_wconf 77' lang='lat' dir='ltr'><strong>Deus</strong></span> 
     </span>
     <span class='ocr_line' id='line_1_9' title="bbox 210 1459 1344 1544; baseline 0.004 -24"><span class='ocrx_word' id='word_1_58' title='bbox 210 1461 350 1542; x_wconf 81' lang='lat' dir='ltr'><strong>optimus</strong></span> <span class='ocrx_word' id='word_1_59' title='bbox 377 1459 536 1522; x_wconf 72' lang='lat' dir='ltr'><strong>maximus</strong></span> <span class='ocrx_word' id='word_1_60' title='bbox 570 1460 739 1522; x_wconf 80' lang='lat' dir='ltr'><strong>conatibus</strong></span> <span class='ocrx_word' id='word_1_61' title='bbox 766 1461 845 1522; x_wconf 74' lang='lat' dir='ltr'><strong>meis</strong></span> <span class='ocrx_word' id='word_1_62' title='bbox 882 1461 1023 1544; x_wconf 76' lang='lat' dir='ltr'><strong>faveret,</strong></span> <span class='ocrx_word' id='word_1_63' title='bbox 1059 1469 1158 1523; x_wconf 88' lang='lat' dir='ltr'><strong>totum</strong></span> <span class='ocrx_word' id='word_1_64' title='bbox 1189 1461 1302 1524; x_wconf 81' lang='lat' dir='ltr'><strong>librum</strong></span> <span class='ocrx_word' id='word_1_65' title='bbox 1342 1477 1344 1489; x_wconf 74' lang='grc'><strong>“</strong></span> 
     </span>
    </p>
   </div>
   <div class='ocr_carea' id='block_1_3' title="bbox 210 1583 1303 1677">
    <p class='ocr_par' dir='ltr' id='par_1_3' title="bbox 210 1583 1303 1677">
     <span class='ocr_line' id='line_1_10' title="bbox 210 1583 1303 1677; baseline 0.005 -24"><span class='ocrx_word' id='word_1_66' title='bbox 210 1591 347 1656; x_wconf 89' lang='lat' dir='ltr'><strong>ederem.</strong></span> <span class='ocrx_word' id='word_1_67' title='bbox 391 1593 522 1656; x_wconf 73' lang='lat' dir='ltr'><strong>Parisiis</strong></span> <span class='ocrx_word' id='word_1_68' title='bbox 548 1591 737 1675; x_wconf 79' lang='lat' dir='ltr'>Lugdunum</span> <span class='ocrx_word' id='word_1_69' title='bbox 759 1583 953 1657; x_wconf 72' lang='lat' dir='ltr'><strong>Betarorum</strong></span> <span class='ocrx_word' id='word_1_70' title='bbox 983 1611 1077 1677; x_wconf 79' lang='lat' dir='ltr'><strong>quum</strong></span> <span class='ocrx_word' id='word_1_71' title='bbox 1104 1585 1303 1658; x_wconf 82' lang='lat' dir='ltr'><strong>roo-contu-</strong></span> 
     </span>
    </p>
   </div>
   <div class='ocr_carea' id='block_1_4' title="bbox 210 1725 1305 1809">
    <p class='ocr_par' dir='ltr' id='par_1_4' title="bbox 210 1725 1305 1809">
     <span class='ocr_line' id='line_1_11' title="bbox 210 1725 1305 1809; baseline 0.002 -21"><span class='ocrx_word' id='word_1_72' title='bbox 210 1727 333 1809; x_wconf 74' lang='lat' dir='ltr'><strong>lissem,</strong></span> <span class='ocrx_word' id='word_1_73' title='bbox 354 1726 435 1788; x_wconf 89' lang='lat' dir='ltr'><strong>inter</strong></span> <span class='ocrx_word' id='word_1_74' title='bbox 455 1726 515 1788; x_wconf 88' lang='lat' dir='ltr'><strong>alia</strong></span> <span class='ocrx_word' id='word_1_75' title='bbox 536 1735 568 1789; x_wconf 86' lang='lat' dir='ltr'><strong>et</strong></span> <span class='ocrx_word' id='word_1_76' title='bbox 597 1726 749 1790; x_wconf 81' lang='lat' dir='ltr'><strong>Meidunii</strong></span> <span class='ocrx_word' id='word_1_77' title='bbox 770 1725 913 1789; x_wconf 86' lang='lat' dir='ltr'><strong>codicem</strong></span> <span class='ocrx_word' id='word_1_78' title='bbox 935 1745 1008 1790; x_wconf 88' lang='lat' dir='ltr'><strong>curn</strong></span> <span class='ocrx_word' id='word_1_79' title='bbox 1033 1745 1104 1790; x_wconf 88' lang='lat' dir='ltr'><strong>meo</strong></span> <span class='ocrx_word' id='word_1_80' title='bbox 1120 1729 1305 1790; x_wconf 78' lang='lat' dir='ltr'><strong>manuscri-</strong></span> 
     </span>
    </p>
   </div>
   <div class='ocr_carea' id='block_1_5' title="bbox 210 1859 1334 3265">
    <p class='ocr_par' dir='ltr' id='par_1_5' title="bbox 210 1859 1334 3265">
     <span class='ocr_line' id='line_1_12' title="bbox 210 1859 1305 1943; baseline -0.001 -22"><span class='ocrx_word' id='word_1_81' title='bbox 210 1867 264 1940; x_wconf 87' lang='lat' dir='ltr'><strong>pto</strong></span> <span class='ocrx_word' id='word_1_82' title='bbox 283 1859 471 1942; x_wconf 40' lang='lat' dir='ltr'><strong>collaturus‘</strong></span> <span class='ocrx_word' id='word_1_83' title='bbox 507 1859 721 1922; x_wconf 86' lang='lat' dir='ltr'><strong>Hamakerum</strong></span> <span class='ocrx_word' id='word_1_84' title='bbox 743 1878 825 1922; x_wconf 87' lang='lat' dir='ltr'><strong>nunc</strong></span> <span class='ocrx_word' id='word_1_85' title='bbox 850 1860 996 1943; x_wconf 80' lang='lat' dir='ltr'><strong>beatum,</strong></span> <span class='ocrx_word' id='word_1_86' title='bbox 1024 1861 1055 1921; x_wconf 94' lang='lat' dir='ltr'><strong>in</strong></span> <span class='ocrx_word' id='word_1_87' title='bbox 1077 1859 1166 1922; x_wconf 86' lang='lat' dir='ltr'><strong>cuius</strong></span> <span class='ocrx_word' id='word_1_88' title='bbox 1189 1859 1305 1922; x_wconf 89' lang='lat' dir='ltr'><strong>amici-</strong></span> 
     </span>
     <span class='ocr_line' id='line_1_13' title="bbox 212 1989 1305 2074; baseline -0.003 -21"><span class='ocrx_word' id='word_1_89' title='bbox 212 1992 285 2054; x_wconf 84' lang='lat' dir='ltr'><strong>tiam</strong></span> <span class='ocrx_word' id='word_1_90' title='bbox 307 2007 542 2074; x_wconf 83' lang='lat' dir='ltr'><strong>perveneram,</strong></span> <span class='ocrx_word' id='word_1_91' title='bbox 579 1989 735 2052; x_wconf 80' lang='lat' dir='ltr'><strong>dicentem</strong></span> <span class='ocrx_word' id='word_1_92' title='bbox 766 1991 892 2071; x_wconf 82' lang='lat' dir='ltr'><strong>audivi,</strong></span> <span class='ocrx_word' id='word_1_93' title='bbox 936 2009 974 2054; x_wconf 80' lang='lat' dir='ltr'><strong>se</strong></span> <span class='ocrx_word' id='word_1_94' title='bbox 1006 2007 1125 2074; x_wconf 83' lang='lat' dir='ltr'><strong>magno</strong></span> <span class='ocrx_word' id='word_1_95' title='bbox 1151 1989 1305 2052; x_wconf 84' lang='lat' dir='ltr'><strong>bleidanii</strong></span> 
     </span>
     <span class='ocr_line' id='line_1_14' title="bbox 211 2121 1307 2207; baseline -0.002 -21"><span class='ocrx_word' id='word_1_96' title='bbox 211 2121 331 2186; x_wconf 61' lang='lat' dir='ltr'><strong>mendi</strong></span> <span class='ocrx_word' id='word_1_97' title='bbox 360 2121 519 2187; x_wconf 76' lang='lat' dir='ltr'><strong>desiderio</strong></span> <span class='ocrx_word' id='word_1_98' title='bbox 559 2121 692 2187; x_wconf 80' lang='lat' dir='ltr'><strong>teneri.¹</strong></span> <span class='ocrx_word' id='word_1_99' title='bbox 724 2125 826 2204; x_wconf 80' lang='lat' dir='ltr'><strong>Quale</strong></span> <span class='ocrx_word' id='word_1_100' title='bbox 869 2126 949 2187; x_wconf 80' lang='lat' dir='ltr'><strong>illius</strong></span> <span class='ocrx_word' id='word_1_101' title='bbox 984 2125 1043 2188; x_wconf 86' lang='lat' dir='ltr'><strong>viri</strong></span> <span class='ocrx_word' id='word_1_102' title='bbox 1058 2163 1062 2169; x_wconf 91' lang='lat'>-</span> <span class='ocrx_word' id='word_1_103' title='bbox 1078 2124 1239 2207; x_wconf 82' lang='lat' dir='ltr'><strong>ingenium</strong></span> <span class='ocrx_word' id='word_1_104' title='bbox 1274 2130 1307 2184; x_wconf 89' lang='lat' dir='ltr'><strong>et</strong></span> 
     </span>
     <span class='ocr_line' id='line_1_15' title="bbox 211 2215 1307 2339; baseline 0 -23"><span class='ocrx_word' id='word_1_105' title='bbox 211 2253 402 2338; x_wconf 83' lang='lat' dir='ltr'><strong>diligentiam</strong></span> <span class='ocrx_word' id='word_1_106' title='bbox 447 2273 681 2339; x_wconf 76' lang='lat' dir='ltr'><strong>cognoveram,</strong></span> <span class='ocrx_word' id='word_1_107' title='bbox 717 2259 747 2318; x_wconf 91' lang='lat' dir='ltr'><strong>in</strong></span> <span class='ocrx_word' id='word_1_108' title='bbox 781 2257 1068 2337; x_wconf 68' lang='lat' dir='ltr'><strong>manuscriptorum</strong></span> <span class='ocrx_word' id='word_1_109' title='bbox 1098 2215 1307 2337; x_wconf 73' lang='lat' dir='ltr'><strong>multitudine,</strong></span> 
     </span>
     <span class='ocr_line' id='line_1_16' title="bbox 211 2385 1309 2471; baseline -0.002 -21"><span class='ocrx_word' id='word_1_110' title='bbox 211 2387 326 2468; x_wconf 77' lang='lat' dir='ltr'><strong>quibus</strong></span> <span class='ocrx_word' id='word_1_111' title='bbox 353 2388 450 2450; x_wconf 84' lang='lat' dir='ltr'><strong>libere</strong></span> <span class='ocrx_word' id='word_1_112' title='bbox 478 2390 522 2450; x_wconf 93' lang='lat' dir='ltr'><strong>uti</strong></span> <span class='ocrx_word' id='word_1_113' title='bbox 550 2396 694 2471; x_wconf 76' lang='lat' dir='ltr'><strong>poterat,</strong></span> <span class='ocrx_word' id='word_1_114' title='bbox 734 2389 807 2470; x_wconf 87' lang='lat' dir='ltr'><strong>quin</strong></span> <span class='ocrx_word' id='word_1_115' title='bbox 843 2406 927 2468; x_wconf 84' lang='lat' dir='ltr'><strong>opue</strong></span> <span class='ocrx_word' id='word_1_116' title='bbox 956 2385 1028 2450; x_wconf 88' lang='lat' dir='ltr'><strong>illud</strong></span> <span class='ocrx_word' id='word_1_117' title='bbox 1061 2405 1178 2470; x_wconf 83' lang='lat' dir='ltr'><strong>magne</strong></span> <span class='ocrx_word' id='word_1_118' title='bbox 1208 2388 1309 2470; x_wconf 78' lang='lat' dir='ltr'><strong>ipsius</strong></span> 
     </span>
     <span class='ocr_line' id='line_1_17' title="bbox 212 2518 1311 2603; baseline 0.003 -22"><span class='ocrx_word' id='word_1_119' title='bbox 212 2519 374 2583; x_wconf 89' lang='lat' dir='ltr'><strong>doctrinae</strong></span> <span class='ocrx_word' id='word_1_120' title='bbox 402 2520 494 2603; x_wconf 88' lang='lat' dir='ltr'><strong>copia</strong></span> <span class='ocrx_word' id='word_1_121' title='bbox 522 2527 667 2582; x_wconf 82' lang='lat' dir='ltr'><strong>ornatum</strong></span> <span class='ocrx_word' id='word_1_122' title='bbox 695 2518 848 2601; x_wconf 80' lang='lat' dir='ltr'><strong>prodiret,</strong></span> <span class='ocrx_word' id='word_1_123' title='bbox 893 2521 995 2582; x_wconf 81' lang='lat' dir='ltr'><strong>nullus</strong></span> <span class='ocrx_word' id='word_1_124' title='bbox 1024 2519 1175 2584; x_wconf 81' lang='lat' dir='ltr'><strong>dubitaui.</strong></span> <span class='ocrx_word' id='word_1_125' title='bbox 1218 2519 1311 2600; x_wconf 78' lang='lat' dir='ltr'><strong>Quod</strong></span> 
     </span>
     <span class='ocr_line' id='line_1_18' title="bbox 213 2651 1310 2734; baseline 0.002 -21"><span class='ocrx_word' id='word_1_126' title='bbox 213 2669 337 2713; x_wconf 89' lang='lat' dir='ltr'><strong>mecum</strong></span> <span class='ocrx_word' id='word_1_127' title='bbox 358 2669 454 2732; x_wconf 83' lang='lat' dir='ltr'><strong>quum</strong></span> <span class='ocrx_word' id='word_1_128' title='bbox 484 2653 681 2734; x_wconf 78' lang='lat' dir='ltr'><strong>cogitarem,</strong></span> <span class='ocrx_word' id='word_1_129' title='bbox 712 2652 764 2732; x_wconf 89' lang='lat' dir='ltr'><strong>qui</strong></span> <span class='ocrx_word' id='word_1_130' title='bbox 794 2659 871 2714; x_wconf 87' lang='lat' dir='ltr'><strong>tunc</strong></span> <span class='ocrx_word' id='word_1_131' title='bbox 899 2652 1053 2734; x_wconf 84' lang='lat' dir='ltr'><strong>temporis</strong></span> <span class='ocrx_word' id='word_1_132' title='bbox 1072 2653 1186 2715; x_wconf 76' lang='lat' dir='ltr'><strong>nutus</strong></span> <span class='ocrx_word' id='word_1_133' title='bbox 1214 2651 1310 2716; x_wconf 74' lang='lat' dir='ltr'><strong>rebus</strong></span> 
     </span>
     <span class='ocr_line' id='line_1_19' title="bbox 213 2783 1313 2867; baseline 0.005 -22"><span class='ocrx_word' id='word_1_134' title='bbox 213 2803 319 2846; x_wconf 76' lang='lat' dir='ltr'><strong>cerem</strong></span> <span class='ocrx_word' id='word_1_135' title='bbox 348 2794 549 2867; x_wconf 77' lang='lat' dir='ltr'><strong>occupatus,</strong></span> <span class='ocrx_word' id='word_1_136' title='bbox 579 2803 683 2848; x_wconf 82' lang='lat' dir='ltr'><strong>meum</strong></span> <span class='ocrx_word' id='word_1_137' title='bbox 712 2784 753 2848; x_wconf 89' lang='lat' dir='ltr'><strong>de</strong></span> <span class='ocrx_word' id='word_1_138' title='bbox 779 2783 905 2848; x_wconf 89' lang='lat' dir='ltr'><strong>edendo</strong></span> <span class='ocrx_word' id='word_1_139' title='bbox 925 2785 1078 2848; x_wconf 82' lang='lat' dir='ltr'><strong>bleidanii</strong></span> <span class='ocrx_word' id='word_1_140' title='bbox 1107 2805 1204 2867; x_wconf 84' lang='lat' dir='ltr'><strong>opere</strong></span> <span class='ocrx_word' id='word_1_141' title='bbox 1230 2803 1313 2850; x_wconf 81' lang='lat' dir='ltr'><strong>coa-</strong></span> 
     </span>
     <span class='ocr_line' id='line_1_20' title="bbox 212 2916 1334 3009; baseline -0.002 -29"><span class='ocrx_word' id='word_1_142' title='bbox 212 2919 313 2981; x_wconf 87' lang='lat' dir='ltr'><strong>silium</strong></span> <span class='ocrx_word' id='word_1_143' title='bbox 350 2916 525 2998; x_wconf 72' lang='lat' dir='ltr'><strong>abiiciens,</strong></span> <span class='ocrx_word' id='word_1_144' title='bbox 561 2917 664 3009; x_wconf 86' lang='lat' dir='ltr'><strong>amico</strong></span> <span class='ocrx_word' id='word_1_145' title='bbox 700 2919 731 2979; x_wconf 87' lang='lat' dir='ltr'><strong>in</strong></span> <span class='ocrx_word' id='word_1_146' title='bbox 761 2916 901 2980; x_wconf 79' lang='lat' dir='ltr'><strong>editione</strong></span> <span class='ocrx_word' id='word_1_147' title='bbox 928 2917 1078 2978; x_wconf 77' lang='lat' dir='ltr'><strong>aramei</strong></span> <span class='ocrx_word' id='word_1_148' title='bbox 1105 2917 1334 2998; x_wconf 81' lang='lat' dir='ltr'><strong>manuscripti·</strong></span> 
     </span>
     <span class='ocr_line' id='line_1_21' title="bbox 213 3031 1311 3142; baseline 0.002 -32"><span class='ocrx_word' id='word_1_149' title='bbox 213 3050 321 3128; x_wconf 82' lang='lat' dir='ltr'><strong>utendi</strong></span> <span class='ocrx_word' id='word_1_150' title='bbox 347 3049 473 3131; x_wconf 83' lang='lat' dir='ltr'><strong>copiam</strong></span> <span class='ocrx_word' id='word_1_151' title='bbox 503 3047 575 3110; x_wconf 85' lang='lat' dir='ltr'><strong>leci.</strong></span> <span class='ocrx_word' id='word_1_152' title='bbox 633 3031 727 3127; x_wconf 84' lang='lat' dir='ltr'><strong>Quod</strong></span> <span class='ocrx_word' id='word_1_153' title='bbox 754 3065 833 3112; x_wconf 85' lang='lat' dir='ltr'><strong>vero</strong></span> <span class='ocrx_word' id='word_1_154' title='bbox 861 3049 972 3128; x_wconf 74' lang='lat' dir='ltr'><strong>plures</strong></span> <span class='ocrx_word' id='word_1_155' title='bbox 998 3049 1072 3110; x_wconf 79' lang='lat' dir='ltr'><strong>anni</strong></span> <span class='ocrx_word' id='word_1_156' title='bbox 1100 3049 1201 3142; x_wconf 79' lang='lat' dir='ltr'><strong>elapsi</strong></span> <span class='ocrx_word' id='word_1_157' title='bbox 1228 3058 1311 3132; x_wconf 71' lang='lat' dir='ltr'><strong>sunt,</strong></span> 
     </span>
     <span class='ocr_line' id='line_1_22' title="bbox 214 3181 1314 3265; baseline 0 -20"><span class='ocrx_word' id='word_1_158' title='bbox 214 3184 328 3265; x_wconf 79' lang='lat' dir='ltr'><strong>quibus</strong></span> <span class='ocrx_word' id='word_1_159' title='bbox 350 3183 432 3246; x_wconf 80' lang='lat' dir='ltr'><strong>illiue</strong></span> <span class='ocrx_word' id='word_1_160' title='bbox 455 3183 561 3263; x_wconf 85' lang='lat' dir='ltr'><strong>operis</strong></span> <span class='ocrx_word' id='word_1_161' title='bbox 584 3181 747 3262; x_wconf 81' lang='lat' dir='ltr'><strong>specimen</strong></span> <span class='ocrx_word' id='word_1_162' title='bbox 770 3201 835 3244; x_wconf 89' lang='lat' dir='ltr'><strong>non.</strong></span> <span class='ocrx_word' id='word_1_163' title='bbox 859 3181 1030 3265; x_wconf 56' lang='lat' dir='ltr'><strong>apparuit,</strong></span> <span class='ocrx_word' id='word_1_164' title='bbox 1051 3182 1314 3245; x_wconf 21' lang='lat' dir='ltr'><strong>eiuewreiocausa</strong></span> 
     </span>
    </p>
   </div>
   <div class='ocr_carea' id='block_1_6' title="bbox 219 3313 1316 3399">
    <p class='ocr_par' dir='ltr' id='par_1_6' title="bbox 219 3313 1316 3399">
     <span class='ocr_line' id='line_1_23' title="bbox 219 3313 1316 3399; baseline -0.002 -19"><span class='ocrx_word' id='word_1_165' title='bbox 219 3326 285 3380; x_wconf 87' lang='lat' dir='ltr'><strong>tum</strong></span> <span class='ocrx_word' id='word_1_166' title='bbox 313 3319 345 3380; x_wconf 89' lang='lat' dir='ltr'><strong>iu</strong></span> <span class='ocrx_word' id='word_1_167' title='bbox 373 3317 479 3397; x_wconf 77' lang='lat' dir='ltr'><strong>operis</strong></span> <span class='ocrx_word' id='word_1_168' title='bbox 509 3317 592 3378; x_wconf 86' lang='lat' dir='ltr'><strong>mole</strong></span> <span class='ocrx_word' id='word_1_169' title='bbox 622 3325 656 3376; x_wconf 82' lang='lat' dir='ltr'><strong>et</strong></span> <span class='ocrx_word' id='word_1_170' title='bbox 694 3313 881 3378; x_wconf 76' lang='lat' dir='ltr'><strong>difficultate</strong></span> <span class='ocrx_word' id='word_1_171' title='bbox 914 3323 983 3376; x_wconf 90' lang='lat' dir='ltr'><strong>tum</strong></span> <span class='ocrx_word' id='word_1_172' title='bbox 1012 3317 1042 3377; x_wconf 93' lang='lat' dir='ltr'><strong>in</strong></span> <span class='ocrx_word' id='word_1_173' title='bbox 1077 3324 1124 3378; x_wconf 91' lang='lat' dir='ltr'><strong>tot</strong></span> <span class='ocrx_word' id='word_1_174' title='bbox 1158 3317 1316 3399; x_wconf 79' lang='lat' dir='ltr'><strong>tantisque</strong></span> 
     </span>
    </p>
   </div>
   <div class='ocr_carea' id='block_1_7' title="bbox 231 3518 482 3534">
    <p class='ocr_par' dir='ltr' id='par_1_7' title="bbox 231 3518 482 3534">
     <span class='ocr_line' id='line_1_24' title="bbox 231 3518 482 3534; baseline -0.016 0"><span class='ocrx_word' id='word_1_175' title='bbox 231 3518 482 3534; x_wconf 56' lang='lat' dir='ltr'><strong>*nn—‘—</strong></span> 
     </span>
    </p>
   </div>
   <div class='ocr_carea' id='block_1_8' title="bbox 233 3652 1320 4448">
    <p class='ocr_par' dir='ltr' id='par_1_8' title="bbox 233 3652 1318 4092">
     <span class='ocr_line' id='line_1_25' title="bbox 233 3652 1315 3718; baseline -0.01 -7"><span class='ocrx_word' id='word_1_176' title='bbox 233 3662 262 3718; x_wconf 83' lang='lat'><strong>1)</strong></span> <span class='ocrx_word' id='word_1_177' title='bbox 280 3658 338 3709; x_wconf 90' lang='lat' dir='ltr'><strong>Viri</strong></span> <span class='ocrx_word' id='word_1_178' title='bbox 357 3657 427 3706; x_wconf 85' lang='lat' dir='ltr'><strong>illius</strong></span> <span class='ocrx_word' id='word_1_179' title='bbox 445 3658 478 3705; x_wconf 88' lang='lat' dir='ltr'><strong>de</strong></span> <span class='ocrx_word' id='word_1_180' title='bbox 500 3656 595 3706; x_wconf 84' lang='lat' dir='ltr'><strong>litteris</strong></span> <span class='ocrx_word' id='word_1_181' title='bbox 613 3655 792 3706; x_wconf 84' lang='lat' dir='ltr'><strong>Orientalibus</strong></span> <span class='ocrx_word' id='word_1_182' title='bbox 817 3655 912 3705; x_wconf 86' lang='lat' dir='ltr'><strong>merita</strong></span> <span class='ocrx_word' id='word_1_183' title='bbox 935 3655 1029 3718; x_wconf 85' lang='lat' dir='ltr'><strong>plures</strong></span> <span class='ocrx_word' id='word_1_184' title='bbox 1051 3653 1141 3704; x_wconf 83' lang='lat' dir='ltr'><strong>verbis</strong></span> <span class='ocrx_word' id='word_1_185' title='bbox 1164 3652 1315 3703; x_wconf 80' lang='lat' dir='ltr'><strong>describere</strong></span> 
     </span>
     <span class='ocr_line' id='line_1_26' title="bbox 281 3733 1316 3811; baseline -0.01 -9"><span class='ocrx_word' id='word_1_186' title='bbox 281 3751 374 3802; x_wconf 89' lang='lat' dir='ltr'><strong>conati</strong></span> <span class='ocrx_word' id='word_1_187' title='bbox 394 3755 472 3811; x_wconf 81' lang='lat' dir='ltr'><strong>sunt3</strong></span> <span class='ocrx_word' id='word_1_188' title='bbox 494 3751 543 3798; x_wconf 88' lang='lat' dir='ltr'><strong>sed</strong></span> <span class='ocrx_word' id='word_1_189' title='bbox 566 3755 594 3799; x_wconf 90' lang='lat' dir='ltr'><strong>ut</strong></span> <span class='ocrx_word' id='word_1_190' title='bbox 619 3761 698 3800; x_wconf 91' lang='lat' dir='ltr'><strong>nemo</strong></span> <span class='ocrx_word' id='word_1_191' title='bbox 720 3749 807 3798; x_wconf 88' lang='lat' dir='ltr'><strong>vicem</strong></span> <span class='ocrx_word' id='word_1_192' title='bbox 829 3749 886 3798; x_wconf 79' lang='lat' dir='ltr'><strong>etus</strong></span> <span class='ocrx_word' id='word_1_193' title='bbox 909 3747 1019 3809; x_wconf 85' lang='lat' dir='ltr'><strong>explere</strong></span> <span class='ocrx_word' id='word_1_194' title='bbox 1041 3733 1316 3809; x_wconf 75' lang='lat' dir='ltr'><strong>potest,&#39;sic&#39;uemo</strong></span> 
     </span>
     <span class='ocr_line' id='line_1_27' title="bbox 282 3837 1317 3907; baseline -0.01 -13"><span class='ocrx_word' id='word_1_195' title='bbox 282 3843 349 3896; x_wconf 80' lang='lat' dir='ltr'><strong>satis</strong></span> <span class='ocrx_word' id='word_1_196' title='bbox 373 3843 454 3907; x_wconf 83' lang='lat' dir='ltr'><strong>digno</strong></span> <span class='ocrx_word' id='word_1_197' title='bbox 477 3844 557 3892; x_wconf 86' lang='lat' dir='ltr'><strong>modo</strong></span> <span class='ocrx_word' id='word_1_198' title='bbox 579 3843 696 3894; x_wconf 82' lang='lat' dir='ltr'><strong>laudare</strong></span> <span class='ocrx_word' id='word_1_199' title='bbox 715 3855 775 3894; x_wconf 76' lang='lat' dir='ltr'><strong>eram</strong></span> <span class='ocrx_word' id='word_1_200' title='bbox 799 3841 859 3892; x_wconf 77' lang='lat' dir='ltr'><strong>mili</strong></span> <span class='ocrx_word' id='word_1_201' title='bbox 881 3853 964 3904; x_wconf 75' lang='lat' dir='ltr'><strong>pesae</strong></span> <span class='ocrx_word' id='word_1_202' title='bbox 980 3840 1094 3892; x_wconf 79' lang='lat' dir='ltr'><strong>videtur.</strong></span> <span class='ocrx_word' id='word_1_203' title='bbox 1125 3837 1245 3902; x_wconf 72' lang='lat' dir='ltr'><strong>Quantis</strong></span> <span class='ocrx_word' id='word_1_204' title='bbox 1262 3847 1317 3898; x_wconf 79' lang='lat' dir='ltr'><strong>ego</strong></span> 
     </span>
     <span class='ocr_line' id='line_1_28' title="bbox 284 3935 1316 4010; baseline -0.01 -22"><span class='ocrx_word' id='word_1_205' title='bbox 284 3936 309 3988; x_wconf 87' lang='lat' dir='ltr'><strong>ei</strong></span> <span class='ocrx_word' id='word_1_206' title='bbox 327 3937 471 3988; x_wconf 84' lang='lat' dir='ltr'><strong>obstrictus</strong></span> <span class='ocrx_word' id='word_1_207' title='bbox 489 3949 564 3986; x_wconf 87' lang='lat' dir='ltr'><strong>eram</strong></span> <span class='ocrx_word' id='word_1_208' title='bbox 575 3935 719 4004; x_wconf 84' lang='lat' dir='ltr'><strong>beneflciis,</strong></span> <span class='ocrx_word' id='word_1_209' title='bbox 732 3940 822 3986; x_wconf 86' lang='lat' dir='ltr'><strong>tantas</strong></span> <span class='ocrx_word' id='word_1_210' title='bbox 840 3936 864 3984; x_wconf 88' lang='lat' dir='ltr'><strong>ei</strong></span> <span class='ocrx_word' id='word_1_211' title='bbox 881 3935 986 3999; x_wconf 78' lang='lat' dir='ltr'><strong>gratias</strong></span> <span class='ocrx_word' id='word_1_212' title='bbox 1003 3935 1162 4010; x_wconf 67' lang='lat' dir='ltr'><strong>persolvere</strong></span> <span class='ocrx_word' id='word_1_213' title='bbox 1179 3943 1316 3994; x_wconf 87' lang='lat' dir='ltr'><strong>nunquam</strong></span> 
     </span>
     <span class='ocr_line' id='line_1_29' title="bbox 287 4005 1318 4092; baseline -0.01 -13"><span class='ocrx_word' id='word_1_214' title='bbox 287 4029 369 4080; x_wconf 87' lang='lat' dir='ltr'><strong>valui.</strong></span> <span class='ocrx_word' id='word_1_215' title='bbox 403 4027 491 4079; x_wconf 82' lang='lat' dir='ltr'><strong>Eheu!</strong></span> <span class='ocrx_word' id='word_1_216' title='bbox 514 4033 691 4091; x_wconf 81' lang='lat' dir='ltr'><strong>praeceptore</strong></span> <span class='ocrx_word' id='word_1_217' title='bbox 715 4005 835 4090; x_wconf 80' lang='lat' dir='ltr'><strong>privatus</strong></span> <span class='ocrx_word' id='word_1_218' title='bbox 860 4039 935 4092; x_wconf 84' lang='lat' dir='ltr'><strong>sum,</strong></span> <span class='ocrx_word' id='word_1_219' title='bbox 960 4026 1035 4076; x_wconf 80' lang='lat' dir='ltr'><strong>cuius</strong></span> <span class='ocrx_word' id='word_1_220' title='bbox 1052 4025 1152 4076; x_wconf 89' lang='lat' dir='ltr'><strong>sciendi</strong></span> <span class='ocrx_word' id='word_1_221' title='bbox 1169 4025 1231 4074; x_wconf 84' lang='lat' dir='ltr'><strong>fons</strong></span> <span class='ocrx_word' id='word_1_222' title='bbox 1248 4034 1318 4071; x_wconf 88' lang='lat' dir='ltr'><strong>nun-</strong></span> 
     </span>
    </p>

    <p class='ocr_par' dir='ltr' id='par_1_9' title="bbox 238 4111 1320 4448">
     <span class='ocr_line' id='line_1_30' title="bbox 238 4111 1319 4186; baseline -0.01 -14"><span class='ocrx_word' id='word_1_223' title='bbox 238 4165 241 4172; x_wconf 82' lang='lat'><em>.</em></span> <span class='ocrx_word' id='word_1_224' title='bbox 285 4132 363 4184; x_wconf 76' lang='lat' dir='ltr'><strong>quam</strong></span> <span class='ocrx_word' id='word_1_225' title='bbox 381 4120 604 4186; x_wconf 78' lang='lat' dir='ltr'><strong>exhauriebatur,</strong></span> <span class='ocrx_word' id='word_1_226' title='bbox 628 4121 736 4169; x_wconf 80' lang='lat' dir='ltr'><strong>fautore</strong></span> <span class='ocrx_word' id='word_1_227' title='bbox 759 4124 788 4168; x_wconf 87' lang='lat' dir='ltr'><strong>at</strong></span> <span class='ocrx_word' id='word_1_228' title='bbox 812 4117 898 4167; x_wconf 84' lang='lat' dir='ltr'><strong>amico</strong></span> <span class='ocrx_word' id='word_1_229' title='bbox 915 4117 941 4166; x_wconf 87' lang='lat' dir='ltr'><strong>ln</strong></span> <span class='ocrx_word' id='word_1_230' title='bbox 959 4115 1094 4166; x_wconf 80' lang='lat' dir='ltr'><strong>tenemus</strong></span> <span class='ocrx_word' id='word_1_231' title='bbox 1111 4116 1181 4177; x_wconf 83' lang='lat' dir='ltr'><strong>apud</strong></span> <span class='ocrx_word' id='word_1_232' title='bbox 1198 4125 1242 4163; x_wconf 87' lang='lat' dir='ltr'><strong>me</strong></span> <span class='ocrx_word' id='word_1_233' title='bbox 1260 4111 1319 4162; x_wconf 87' lang='lat' dir='ltr'><strong>ool·</strong></span> 
     </span>
     <span class='ocr_line' id='line_1_31' title="bbox 286 4204 1319 4280; baseline -0.01 -18"><span class='ocrx_word' id='word_1_234' title='bbox 286 4213 405 4280; x_wconf 79' lang='lat' dir='ltr'><strong>locandis</strong></span> <span class='ocrx_word' id='word_1_235' title='bbox 429 4225 483 4262; x_wconf 87' lang='lat' dir='ltr'><strong>non</strong></span> <span class='ocrx_word' id='word_1_236' title='bbox 508 4211 665 4276; x_wconf 79' lang='lat' dir='ltr'><strong>fatigando,</strong></span> <span class='ocrx_word' id='word_1_237' title='bbox 698 4209 741 4272; x_wconf 89' lang='lat' dir='ltr'><strong>qui</strong></span> <span class='ocrx_word' id='word_1_238' title='bbox 766 4221 849 4274; x_wconf 79' lang='lat' dir='ltr'><strong>usque</strong></span> <span class='ocrx_word' id='word_1_239' title='bbox 880 4210 915 4274; x_wconf 80' lang='lat' dir='ltr'><strong>ad</strong></span> <span class='ocrx_word' id='word_1_240' title='bbox 937 4211 1086 4258; x_wconf 86' lang='lat' dir='ltr'><strong>extremum</strong></span> <span class='ocrx_word' id='word_1_241' title='bbox 1110 4205 1184 4256; x_wconf 82' lang='lat' dir='ltr'><strong>vitae</strong></span> <span class='ocrx_word' id='word_1_242' title='bbox 1208 4204 1319 4256; x_wconf 83' lang='lat' dir='ltr'><strong>halitum</strong></span> 
     </span>
     <span class='ocr_line' id='line_1_32' title="bbox 285 4296 1320 4364; baseline -0.009 -10"><span class='ocrx_word' id='word_1_243' title='bbox 285 4304 501 4355; x_wconf 85' lang='lat' dir='ltr'><strong>benevolentiam</strong></span> <span class='ocrx_word' id='word_1_244' title='bbox 520 4303 580 4352; x_wconf 85' lang='lat' dir='ltr'><strong>milri</strong></span> <span class='ocrx_word' id='word_1_245' title='bbox 598 4316 673 4352; x_wconf 86' lang='lat' dir='ltr'><strong>suam</strong></span> <span class='ocrx_word' id='word_1_246' title='bbox 692 4313 799 4364; x_wconf 73' lang='lat' dir='ltr'><strong>semper</strong></span> <span class='ocrx_word' id='word_1_247' title='bbox 816 4300 999 4350; x_wconf 84' lang='lat' dir='ltr'><strong>conservavit.</strong></span> <span class='ocrx_word' id='word_1_248' title='bbox 1033 4300 1119 4350; x_wconf 81' lang='lat' dir='ltr'><strong>&#39;l&#39;crra</strong></span> <span class='ocrx_word' id='word_1_249' title='bbox 1141 4296 1167 4347; x_wconf 85' lang='lat' dir='ltr'><strong>ci</strong></span> <span class='ocrx_word' id='word_1_250' title='bbox 1188 4297 1223 4347; x_wconf 81' lang='lat' dir='ltr'><strong>eit</strong></span> <span class='ocrx_word' id='word_1_251' title='bbox 1239 4309 1320 4360; x_wconf 82' lang='lat' dir='ltr'><strong>super</strong></span> 
     </span>
     <span class='ocr_line' id='line_1_33' title="bbox 291 4394 453 4448; baseline -0.012 -2"><span class='ocrx_word' id='word_1_252' title='bbox 291 4407 355 4446; x_wconf 80' lang='lat' dir='ltr'><strong>ossa</strong></span> <span class='ocrx_word' id='word_1_253' title='bbox 373 4394 453 4448; x_wconf 84' lang='lat' dir='ltr'><strong>levis!</strong></span> 
     </span>
    </p>
   </div>
   <div class='ocr_carea' id='block_1_9' title="bbox 0 0 1518 4952">
    <p class='ocr_par' dir='ltr' id='par_1_10' title="bbox 0 0 1518 4952">
     <span class='ocr_line' id='line_1_34' title="bbox 0 0 1518 4952; baseline 0 0"><span class='ocrx_word' id='word_1_254' title='bbox 0 0 1518 4952; x_wconf 95' lang='lat' dir='ltr'><strong> </strong></span> 
     </span>
    </p>
   </div>
  </div>
 </body>
</html>
