2982 4934
679 361 721 370 --
761 325 823 389 oen

252 527 366 568 nomen
387 509 563 570 animalculi
587 527 670 570 osse.
706 511 768 572 Alii
788 528 904 572 momen
933 511 1098 591 papilionis
1127 513 1158 572 in
1186 513 1345 572 dammam

253 617 388 679 volantis
408 635 484 679 osse
505 618 707 684 contendunt.

314 1107 461 1170 Zaehrus
482 1109 564 1172 lilius
581 1110 682 1194 Kaisi,
704 1133 723 1173 e
744 1123 842 1194 gente
863 1111 985 1172 Tarnim
1006 1097 1171 1192 oriundus,
1194 1118 1227 1169 et
1241 1110 1348 1168 llbn-

251 1215 357 1279 Bahr
378 1219 485 1298 (pater
506 1219 627 1300 maris),
652 1228 686 1281 ut
707 1218 846 1302 videtur,
869 1219 908 1281 eb
931 1218 1148 1281 liberalitatem
1171 1225 1204 1278 et
1225 1216 1349 1278 Alan-

252 1325 336 1407 nal',
365 1326 449 1406 quod
475 1327 593 1408 loripes
625 1337 708 1404 erat,
739 1329 983 1411 cognominatus
1005 1336 1065 1390 est.
1107 1329 1181 1388 Hoc
1203 1326 1348 1406 corporis

252 1434 361 1496 vitium
390 1435 429 1496 ab
457 1435 588 1497 infantia
622 1436 747 1518 habuit,
781 1445 914 1518 matrem
950 1437 1050 1519 enim,
1086 1453 1183 1517 quum
1212 1453 1346 1515 puerum

252 1541 390 1606 brachiis
411 1539 451 1604 ad
473 1542 651 1607 saliendum
673 1544 815 1629 tolleret,
837 1545 897 1607 hos
917 1563 1036 1606 versus
1059 1543 1182 1606 dixisse
1202 1552 1347 1604 narrant:

307 1795 316 1808 Ι
338 1795 350 1810 U

302 1661 746 1809 &allebata
848 1672 1298 1815 npsffiaijnmg

543 1898 1054 2037 babbani

252 2098 342 2180 „Per
370 2090 489 2159 mum!
524 2099 561 2162 si
588 2099 657 2160 eins
684 2097 829 2160 debilitas
860 2098 899 2159 nb
931 2093 1067 2160 maciem
1095 2117 1157 2158 non
1190 2105 1279 2158 esset
1315 2105 1348 2156 et

294 2204 421 2267 morbus
449 2213 482 2267 ot
509 2206 647 2268 tennitas
676 2207 707 2267 in
735 2204 836 2287 pede,
858 2207 939 2267 inter
960 2223 1076 2286 pueros
1097 2211 1226 2266 vestros
1248 2203 1277 2264 ei
1300 2204 1347 2264 si-

294 2312 375 2373 milis
396 2331 460 2372 non
480 2311 612 2387 osset¹).

334 2427 452 2488 Aetate
473 2425 710 2490 Muhammedis
730 2428 846 2488 vivens
864 2426 945 2492 inter
959 2427 1122 2506 proximos
1137 2440 1348 2485 successores

252 2533 409 2596 sodalium
429 2534 663 2596 Mohammedis
691 2535 848 2618 insignem
876 2535 981 2596 locum
1010 2533 1140 2596 tenebat
1169 2541 1202 2594 et
1229 2549 1348 2613 magna

251 2641 283 2702 in
305 2649 403 2723 gente
423 2658 483 2702 sna
502 2641 694 2703 anctoritate
715 2657 842 2722 semper
863 2640 1001 2721 pollebat
1021 2649 1089 2702 tum
1104 2637 1347 2701 mansuetudine

190 2825 193 2830 Ι
242 2756 318 2812 ,tum
339 2747 496 2828 sapientia
518 2747 633 2808 clarus.
666 2747 742 2810 Non
764 2755 871 2808 autem
894 2755 963 2808 erat
983 2747 1043 2808 viri
1064 2747 1233 2830 singularis
1254 2745 1347 2807 animi

251 2852 463 2916 mansuetudo
485 2870 558 2914 cnm
580 2851 741 2914 debilitate
766 2861 800 2914 et
826 2851 992 2914 timiditate
1018 2855 1198 2935 coniuncta,
1220 2872 1294 2915 nam
1316 2853 1347 2912 in

252 2963 304 3024 illo
327 2960 446 3022 celebri
466 2959 547 3021 inter
560 2960 688 3022 Allium
704 2969 736 3022 et
748 2957 1014 3039 Mnahwiiiahum
1029 2958 1114 3040 apud
1128 2960 1235 3021 locum
1249 2959 1346 3020 Zillin

150 3062 153 3067 ’
252 3069 371 3149 proelio
394 3075 505 3128 contra
519 3065 783 3147 Moahwijjahnm
798 3066 922 3128 fortiter
938 3066 1112 3149 pugnabat,
1135 3075 1170 3128 nt
1191 3076 1265 3148 post
1286 3066 1348 3128 ali-

253 3181 332 3256 quot
344 3172 704 3256 annosMoahwijjahus
716 3175 846 3256 imperio
860 3175 980 3256 potitus
995 3174 1035 3237 ad
1050 3175 1152 3254 ipsum
1165 3176 1347 3237 venientem

251 3282 297 3343 ita
318 3280 548 3362 alloqueretur:
577 3283 641 3344 Per
660 3276 782 3346 Deum!
812 3275 1006 3346 0Ahnal‘e!
1029 3284 1157 3365 quoties
1179 3283 1348 3364 usquead

254 3389 337 3451 diem
365 3390 613 3451 resurrectionis·
637 3390 747 3471 proelii
774 3391 962 3453 Ziffinensis
994 3390 1162 3475 recordor,
1192 3392 1224 3453 in
1252 3390 1348 3453 corde

253 3497 395 3560 dolorem
415 3499 527 3560 santio.
569 3501 614 3562 At
640 3500 692 3561 ille
713 3499 892 3581 respondit:
927 3501 990 3563 Per
1018 3494 1138 3562 Deum!
1169 3499 1197 3564 0
1227 3501 1347 3562 Moah-

253 3598 400 3686 wijjahel
439 3603 562 3690 odium,
598 3626 662 3688 quo
690 3616 722 3669 te
751 3610 911 3689 persecuti
940 3627 1070 3691 snmus,
1104 3609 1136 3670 in
1165 3609 1348 3690 pectoribus

254 3714 372 3776 nostris
399 3721 467 3794 est,
497 3721 530 3775 et
556 3713 652 3798 gladii
658 3759 669 3798 ,
701 3715 814 3796 quibus
842 3725 952 3778 contra
981 3723 1013 3777 te
1044 3716 1283 3801 dimicavimus,
1316 3718 1347 3778 in

252 3821 381 3902 vaginis
402 3830 485 3883 sunt.
529 3822 566 3884 si
595 3822 636 3883 nd
663 3823 781 3883 bellum
808 3824 912 3903 spatio
940 3824 1022 3884 inter
1042 3823 1190 3904 pollicem
1210 3831 1244 3884 et
1265 3821 1347 3884 indi-

252 3947 324 3992 cem
353 3927 487 4014 digitum
514 3933 768 4012 appropinquas,
801 3950 861 3992 nos
897 3931 1074 4013 spithamae
1109 3931 1214 4012 spatio
1246 3931 1287 3993 ad
1315 3941 1345 3992 te

254 4038 559 4120 appropinquamus,
582 4040 663 4106 etsi
684 4039 724 4100 ad
746 4037 776 4100 id
799 4041 880 4100 lenite
902 4038 1035 4119 podibus
1055 4039 1204 4122 accedis,
1225 4059 1286 4102 nos
1304 4038 1346 4102 ad

292 4275 300 4322 l
308 4281 319 4330 l
338 4245 454 4326 Mettum
472 4288 599 4328 veratium
617 4273 745 4340 llodjas
763 4277 925 4342 appellatum
944 4283 992 4327 eu.
1028 4279 1106 4330 canu.
1124 4281 1143 4332 l.
1162 4293 1194 4328 m.
1213 4294 1237 4342 p.
1256 4279 1317 4330 ³³1.
