3044 4938
713 311 941 372 ,13⁶-

343 499 394 559 De
414 515 465 581 eo,
487 495 541 578 qui
561 511 685 576 quoquo
703 491 801 554 modo
814 492 917 553 virum
931 491 1028 576 fugit,
1044 492 1159 554 siveis
1175 493 1379 555 benefecerit

281 610 354 670 sive
382 605 580 670 malefecerit
610 599 730 663 (licitur.
783 601 959 664 Proverlrio
993 610 1126 664 metrum
1151 601 1280 664 Wefir
1311 611 1379 664 est„

284 1143 370 1212 131.
417 1137 579 1227 Domus,
613 1141 652 1210 in
678 1161 756 1238 qua
781 1139 898 1239 pisces
923 1139 1046 1234 magni
1072 1151 1110 1210 et
1137 1140 1214 1208 avis
1237 1137 1379 1209 Anulu

414 1279 480 1338 est.

364 1395 580 1460 Adversarius
606 1393 685 1456 duos
707 1394 740 1456 in
766 1412 828 1456 uns
857 1412 893 1454 rc
921 1395 1144 1478 consensisse,
1173 1398 1380 1478 proverbium

282 1505 449 1588 significat.
491 1505 574 1566 Avis
600 1503 681 1564 enim
710 1502 759 1562 sic
787 1501 944 1584 appellata
972 1505 1003 1566 in
1030 1504 1193 1565 altissimis
1222 1507 1381 1568 montium

281 1614 464 1698 regionibus
486 1621 546 1695 est,
568 1612 676 1690 pisces
695 1620 800 1672 autem
826 1613 933 1693 magni
960 1613 991 1672 in
1013 1613 1151 1674 muribus
1180 1613 1314 1696 vivunt,
1342 1624 1382 1676 ut

281 1740 440 1802 nunquam
461 1738 533 1781 cum
553 1718 613 1780 illis
629 1719 828 1780 conveniunt
857 1719 996 1781 Metrum
1015 1719 1175 1799 proverbii
1196 1720 1238 1782 ed
1258 1721 1380 1784 Serih

280 1830 472 1911 appellatum
492 1826 639 1889 revocari
657 1836 773 1908 potest.
806 1827 889 1890 conf.
909 1829 976 1889 libr.
997 1848 1038 1890 m.
1058 1847 1089 1909 p.
1108 1827 1180 1891 2411

478 1965 1070 2181 cucullos
1145 2037 1200 2116 lt

285 2247 367 2316 1³2.
418 2239 541 2331 Quam
566 2239 683 2314 malus
708 2257 767 2316 est
786 2239 906 2330 locus,
935 2245 974 2314 in
1000 2269 1079 2346 quo
1104 2252 1352 2345 pernoctanti!

366 2418 424 2482 Sic
444 2416 646 2498 proverbium
667 2415 888 2497 explicandum
912 2425 960 2500 ῳ·
987 2445 1064 2502 w
1088 2418 1172 2486 Q·
1196 2409 1275 2511 μ
1299 2430 1380 2514 νὼ

284 2539 409 2618 ”Quum
429 2540 531 2603 melus
552 2548 604 2601 est
624 2542 714 2603 locus
734 2538 838 2620 quoad
859 2543 981 2626 locum,
1007 2543 1039 2603 in
1067 2563 1129 2625 quo
1148 2549 1378 2624 permenam

282 2648 422 2709 Mettum
444 2644 485 2708 od
506 2646 627 2710 Serih
647 2645 759 2707 referri
778 2653 894 2727 potest.
924 2647 1006 2708 conl.
1027 2649 1046 2708 l.
1069 2668 1110 2709 m.
1131 2670 1162 2730 p.
1183 2651 1254 2712 246.
1282 2651 1379 2736 Viro,

284 2755 390 2835 quiin
411 2753 536 2816 homine
557 2753 676 2816 fiducie
695 2754 839 2837 indigno,
860 2753 1008 2817 fiduciam
1028 2757 1147 2838 posuit,
1170 2757 1290 2820 dicitur.

287 3203 366 3272 133.
405 3192 537 3268 Vultus
570 3191 747 3295 splendor
782 3208 826 3264 ut
859 3191 1035 3268 nobilitas
1069 3193 1250 3291 camelae,
1279 3227 1381 3302 quae

396 3342 487 3392 naso
513 3321 620 3419 quasi
646 3343 770 3392 umens
793 3317 998 3417 asugendo
1020 3317 1167 3421 pullum
1188 3323 1379 3426 prohibet.

373 3494 547 3557 Proverbio
577 3493 642 3556 hoc
667 3495 769 3558 virum
794 3494 977 3577 designant,
1006 3497 1059 3577 quii
1086 3499 1176 3558 vultu
1207 3504 1242 3557 et
1268 3497 1379 3558 verbis

283 3599 410 3680 placere
432 3599 551 3682 studet,
573 3620 635 3661 non
656 3599 760 3661 factis.
804 3599 1015 3679 comparetur
1041 3617 1112 3662 cum
1138 3605 1271 3687 cumeis,
1295 3623 1380 3685 qnae

285 3707 437 3770 olfaciens
459 3709 589 3788 ¹pullum
618 3724 726 3767 amore
753 3703 897 3787 videtur,
934 3704 991 3766 scd
1029 3706 1162 3768 cundem
1190 3728 1211 3771 u
1231 3711 1379 3792 sugendo

284 3815 437 3895 prohibet.
479 3816 620 3876 Metrum
640 3811 794 3893 llcdjes
818 3821 876 3875 est.
903 3814 986 3874 conf.
1007 3816 1026 3874 l.
1048 3833 1088 3875 m.
1110 3835 1140 3895 p.
1160 3813 1231 3878 230.

503 3983 1026 4147 telmon„
1100 4045 1163 4132 os

289 4232 369 4305 181.
420 4233 511 4306 Avis
535 4229 683 4306 Kethue
707 4259 798 4323 ovo,
829 4231 967 4334 quibus
995 4229 1123 4306 vultur
1150 4235 1312 4312 incubat.
