2996 4928
730 329 957 394 -610-

295 518 380 586 landi
399 518 564 584 scientiam
583 515 769 601 possidebat
789 524 823 582 et
849 534 968 580 versus
997 518 1216 600 componebat
1250 517 1396 582 Hasimo

296 638 404 694 autem
424 627 489 692 atie
509 634 578 690 erat
596 625 724 690 Rauhm
744 624 917 707 appellata,
944 643 1015 707 quoe
1035 625 1274 689 adolescentem
1297 645 1397 690 ama-

296 737 369 821 bat,
397 743 430 796 et
456 733 557 796 abeo
578 731 753 794 amabatur.
795 731 858 793 Die
876 729 1015 814 quodam
1035 740 1144 815 pater,
1173 733 1225 795 cui
1245 733 1398 814 suspicio

297 842 469 928 inciderat,
497 839 618 902 invenit
644 857 704 902 eos
729 839 880 920 amplexu
905 857 944 906 se
972 847 1131 906 tenentes.
1174 840 1269 921 Quod
1297 860 1398 923 quum

297 952 452 1034 vidisset,
480 950 579 1012 iratus
603 947 704 1010 verba
739 945 837 1031 dixit,
870 965 954 1029 quae
983 955 1099 1029 postea
1126 947 1159 1011 in
1188 949 1400 1030 proverbium

298 1065 456 1124 venerumt
476 1065 509 1118 et
531 1053 638 1138 gladio
666 1051 698 1118 iu
726 1073 798 1116 eum
818 1052 913 1116 irruit.
955 1053 1051 1138 Fuga
1072 1053 1264 1120 adolescens
1284 1058 1400 1119 evasit

298 1176 332 1232 et
352 1166 395 1230 ad
424 1172 555 1248 gentem
575 1160 845 1226 Hamdanidarum
872 1179 910 1224 se
935 1164 1064 1245 recepit.
1106 1164 1204 1226 Pater
1234 1183 1255 1226 a
1275 1183 1400 1247 perse-

298 1273 422 1359 quendo
442 1273 568 1334 rediens
591 1277 625 1332 et
642 1269 739 1332 filiam
762 1288 917 1353 quaerens
939 1269 1031 1333 dixit:
1056 1308 1100 1357 ς),
1116 1279 1190 1370 fg>
1215 1255 1298 1372 δὲ
1326 1297 1400 1365 ψ

298 1400 370 1498 ⁸5⁸„
398 1399 507 1460 nlllors
534 1396 652 1458 liberae
678 1394 788 1458 melior
815 1402 884 1480 est,
913 1413 1008 1478 quam
1037 1396 1155 1457 crimen
1165 1415 1193 1476 ;u
1233 1395 1295 1458 sed
1326 1417 1399 1460 eam

299 1525 529 1608 strangulatam
548 1518 677 1582 invenit.
703 1519 793 1583 Dixit
813 1528 938 1586 autem:
959 1521 1047 1604 Μ
1063 1519 1144 1612 apd
1160 1517 1247 1606 Mill
1262 1525 1322 1611 &a
1333 1523 1399 1621 0¹9

301 1650 498 1714 »orbitatem
522 1645 637 1708 leviter
664 1643 734 1710 fero
762 1644 802 1706 ob
828 1664 962 1728 pravum
981 1647 1140 1730 factumn
1163 1664 1247 1727 quae
1269 1665 1399 1728 quoquc

300 1758 401 1822 verba
428 1757 460 1818 iu
488 1752 648 1837 proverbii
673 1753 936 1816 consuetudinem
965 1762 1131 1816 venerunt.
1177 1754 1241 1816 Alii
1272 1755 1396 1836 dicunt,

300 1868 405 1930 virum
425 1863 527 1926 fuisso
549 1883 568 1924 e
589 1870 686 1947 gente
708 1863 847 1945 Thesm,
871 1860 925 1944 qui
946 1879 1059 1924 canem
1080 1861 1162 1923 beue
1183 1855 1319 1924 nutriret
1341 1881 1398 1942 spe

302 1980 483 2038 commotus
504 1970 591 2049 fore,
618 1981 654 2035 ut
674 1991 748 2034 eum
769 1970 810 2033 ad
829 1969 1010 2033 venandum
1031 1967 1204 2032 adhiberet.
1247 1968 1397 2048 Quodam

301 2089 407 2146 autem
429 2079 481 2142 die
501 2080 590 2142 canis
611 2099 706 2161 quum
728 2081 831 2143 cibum
851 2099 915 2141 non
938 2077 1135 2160 accepisset,
1164 2076 1328 2140 dominum
1348 2078 1397 2138 iu-

301 2193 438 2250 traotem
459 2185 621 2247 laceravit
664 2186 763 2249 Canis
792 2185 871 2248 illius
896 2186 928 2246 in
953 2185 1101 2248 versibus
1122 2185 1213 2248 hisce
1235 2186 1397 2250 Tharafa-

302 2293 363 2357 hus
384 2292 576 2356 mentionem
596 2290 687 2398 lecit,

377 2389 796 2537 calamati·
893 2401 1323 2547 fem-w

379 2597 796 2756 aboleat
894 2601 1325 2740 cabseel-e

307 2775 370 2841 »Ut
396 2778 485 2840 canis
515 2775 664 2862 Thosmi,
702 2795 797 2862 quam
825 2776 1021 2842 educaverat
1055 2785 1151 2841 nocte
1180 2778 1321 2840 obscura
1350 2778 1397 2838 lac

76 2891 80 2898 '
124 2883 153 2930 '·
273 2955 276 2962 ,
345 2884 511 2948 bibendum
532 2885 654 2948 iteratis
674 2884 802 2952 vicibus
823 2887 1001 2972 porrigens,
1019 2886 1189 2968 aliquando
1211 2904 1284 2947 eum
1306 2885 1397 2948 lace-

347 2994 453 3076 rabat3
473 2995 502 3056 si
524 2993 715 3075 sauguinem
735 3013 798 3057 non
818 2994 939 3079 lambit,
956 2995 1102 3059 dentibus
1117 3015 1191 3058 eum
1210 2994 1395 3070 mordetun

332 3133 335 3138 ·
389 3101 478 3165 Dixit
497 3099 625 3162 Auidus
646 3099 919 3164 ben-Alahwaz:

406 3222 524 3370 :jetti
549 3223 636 3344 bui
662 3229 777 3328 teta
874 3232 942 3346 2415
969 3234 1113 3373 ,xta
1134 3237 1226 3352 uxta
1251 3245 1298 3346 go

309 3409 401 3492 »Ego
423 3403 460 3471 et¹
477 3408 595 3472 Kaisus
616 3409 734 3472 similes
755 3429 868 3474 sumus
890 3410 975 3496 viro,
1006 3412 1058 3493 qui
1078 3431 1190 3474 canem
1213 3357 1305 3474 suado
1327 3414 1398 3494 pin-

350 3516 498 3599 guolecit.
534 3517 615 3580 Tum
643 3526 747 3581 autem
774 3518 922 3584 dentibus
944 3529 977 3582 et
996 3519 1156 3601 unguibus
1176 3540 1250 3581 eum
1272 3518 1397 3598 (canis)

349 3625 533 3688 laceravito
576 3627 716 3689 Metram
737 3647 854 3690 vorsus
875 3629 1000 3692 Thawil
1021 3636 1081 3690 est.
1104 3627 1155 3690 Cf.
1176 3630 1194 3688 l.
1215 3648 1255 3689 m.
1277 3647 1308 3709 p.
1331 3627 1398 3689 161.

469 3724 803 3890 efflicte
840 3770 874 3863 b
912 3729 1003 3888 ἐξ
1038 3725 1155 3874 &tii
1222 3786 1257 3869 n

310 3973 368 4042 26.
420 3969 563 4044 Pecora
597 3987 719 4045 morte
754 3973 891 4062 amisit,
926 3971 990 4046 sed
1016 3970 1063 4046 de
1090 3969 1298 4046 calamitate
1324 3997 1400 4044 non

424 4089 608 4170 queritur.
995 4107 998 4116 =

310 4215 555 4231 m

346 4281 376 4341 r)
393 4283 529 4336 Versuour
546 4291 659 4339 metrum
676 4287 813 4341 Mouserlb
831 4289 880 4337 est,
911 4287 989 4340 conf.
1006 4289 1025 4338 l.
1043 4301 1077 4338 m.
1094 4301 1120 4351 p.
1137 4288 1200 4338 255.
