2970 4946
668 1100 817 1216 Caput
853 1099 989 1188 XIV.

767 1302 896 1336 ξ

495 1406 894 1490 Littera
970 1404 1157 1476 Mad.
1273 1447 1277 1454 „

642 1735 658 1764 ο
730 1723 748 1766 ῦ
878 1742 896 1762 a
912 1742 932 1763 α
949 1739 968 1762 a

604 1744 687 1926 νζ·
724 1823 800 1911 c*
836 1785 983 1882 ΘΜ
1054 1781 1063 1856 ¹

285 1974 318 2038 1.
366 1967 534 2038 Aetatem
567 1963 695 2038 cameli
721 1965 870 2058 iuvenci
895 1964 951 2036 sui
983 1959 1166 2034 veraciter
1188 1955 1279 2029 mihi
1304 1957 1370 2029 in-

364 2088 513 2162 dicavit.

340 2217 549 2280 Proverbium
571 2222 740 2297 usurpatur
761 2213 803 2276 ad
828 2214 996 2276 veritatem
1019 2211 1093 2274 dicti
1113 2204 1368 2290 significandam.

283 2321 444 2407 originem
471 2324 631 2407 proverbii
657 2325 753 2385 talem
779 2321 882 2385 fuisso
902 2328 1036 2383 namant.
1076 2318 1135 2382 Vir
1158 2315 1284 2397 quidum
1307 2331 1367 2375 oa-

281 2434 396 2494 melum
426 2434 594 2494 iuvencum
624 2440 778 2512 emturus,
814 2448 969 2510 quaenam
999 2425 1111 2488 cameli
1144 2431 1234 2485 aetas
1263 2428 1366 2504 osset,

200 2611 203 2628 Ι
281 2539 496 2622 interrogavit.
526 2540 647 2602 Cameli
661 2537 804 2602 dominus
817 2535 906 2620 dixit,
920 2555 991 2597 eum
1007 2552 1082 2597 esse
1102 2525 1154 2635 &jd
1176 2530 1195 2592 i.
1214 2551 1242 2591 e.
1257 2537 1366 2592 aetate

279 2676 474 2747 provectum.
516 2664 637 2728 Eodem
659 2672 764 2726 autem
784 2667 954 2740 momento,
982 2678 1075 2740 quum
1101 2657 1242 2719 camelus
1268 2657 1365 2718 aufu-

279 2775 400 2856 gisset,
431 2771 575 2835 dominus
597 2789 668 2834 eum
688 2770 823 2832 vocibus
852 2781 926 2878 ἓν
951 2780 1033 2875 eos
1054 2766 1232 2846 revocavit,
1251 2764 1364 2845 quibus

277 2897 414 2959 vocibus
434 2897 525 2978 parvi
551 2896 663 2958 cameli
686 2895 874 2978 quietantur,
898 2901 931 2954 ut
951 2892 1030 2954 alter
1049 2908 1161 2950 voram
1183 2889 1229 2949 rei
1250 2887 1364 2949 condi-

276 3005 392 3067 tionem
412 3013 626 3086 cognoscerot
654 3022 788 3084 eumque
817 3002 855 3063 ob
881 3019 1009 3063 oausam
1030 2999 1094 3061 ista
1113 2997 1213 3059 verba
1233 2996 1363 3059 diceret

275 3111 399 3192 Duplici
426 3118 532 3173 autem
560 3109 654 3175 modo
683 3109 873 3173 vocabulum
902 3144 1010 3208 (ΓΝ,
1040 3107 1071 3166 in
1102 3105 1279 3166 accusativi
1306 3113 1363 3168 aut

275 3233 458 3295 nominativi
484 3251 563 3295 casu
593 3233 731 3295 effertur.
775 3233 868 3312 Quod
895 3234 923 3295 si
948 3233 1126 3294 accusativi
1154 3249 1264 3293 casum
1285 3249 1362 3292 csse

273 3339 410 3423 statuis,
438 3339 513 3402 voci
533 3347 650 3429 &davo
671 3339 782 3402 eadem
807 3339 997 3422 significatio
1025 3357 1120 3420 quam
1145 3349 1236 3441 ⁶³³?
1263 3339 1359 3402 mihi

274 3461 488 3548 indicavit,
509 3471 545 3525 ut
561 3463 716 3546 duplicem
731 3467 952 3528 accusativum
969 3473 1072 3547 regat,
1094 3465 1189 3545 inest,
1212 3463 1287 3524 dum
1308 3459 1358 3524 alii

272 3589 389 3635 vocem
402 3571 564 3652 proedicuti
578 3573 684 3634 locum
696 3581 806 3635 tenere
819 3583 875 3637 aut
887 3573 1151 3656 praepositionem
1165 3575 1193 3656 3
1209 3572 1357 3634 omissam

273 3716 348 3761 esse
369 3696 488 3777 dicunt3
516 3697 565 3759 sin
587 3717 666 3760 vero
687 3700 872 3762 nominativi
893 3717 1004 3761 casum
1028 3699 1179 3782 admittis,
1201 3699 1262 3780 ipsi
1282 3700 1357 3761 voci

273 3843 330 3908 0„
357 3805 516 3870 veracitas
544 3804 696 3869 tribuitur.
739 3809 822 3872 Sunt
849 3814 975 3889 autem,
1006 3807 1059 3889 qui
1083 3807 1177 3868 talem
1200 3807 1356 3888 proverbii

271 3931 372 3994 fuisse
401 3946 531 3993 causum
559 3929 681 3992 dicant:
709 3931 872 3992 Emturum
900 3928 1014 3989 cameli
1040 3927 1196 3989 dominum
1220 3928 1355 3991 interro-

271 4056 383 4122 gasse,
404 4057 558 4120 quaenam
585 4039 655 4099 eius
677 4046 767 4099 aetas
789 4045 894 4121 esset,
924 4046 957 4098 et
985 4056 1080 4118 quum
1099 4031 1254 4117 inspectis
1275 4036 1356 4098 den-

270 4145 356 4206 tibus
384 4165 497 4207 verum
523 4165 599 4209 esse
627 4150 815 4226 respon'sum
843 4146 1072 4229 cognovisset,
1106 4145 1169 4208 ista
1196 4147 1355 4225 proverbii

269 4250 372 4313 verba
393 4250 523 4314 dixisse.
552 4252 604 4315 cf.
625 4252 702 4337 Har,
727 4272 758 4334 p.
782 4251 832 4316 82.
854 4260 888 4316 et
906 4253 999 4318 Kam.
1021 4271 1048 4315 s.
1063 4251 1134 4351 ᾗ.
1165 4252 1216 4316 ct.
1236 4274 1283 4336 pr.
1302 4254 1353 4335 28,
