2970 4946
356 476 419 540 Eat
439 497 460 540 ι
480 477 607 541 nomina
626 487 735 546 nm
755 492 887 556 upupa
906 491 975 536 vox
994 487 1087 564 509
1107 475 1306 557 directio,
1334 485 1371 539 ut

275 601 359 669 bono
382 605 475 668 omini
496 604 548 688 sit,
570 602 722 665 derivata.
762 603 797 664 ln
818 609 934 682 poetae
955 609 1062 663 autam
1083 601 1210 665 arbitrio
1231 602 1371 682 positum

276 721 349 796 eat,
379 711 535 795 quomodo
563 730 630 772 rem
650 717 765 772 vertat.
806 710 850 772 Ut
871 727 944 771 aum
969 728 1051 771 voce
1072 709 1196 790 aquiiae
1217 709 1369 806 (μιᾶς)

276 837 396 900 bonum
412 855 504 898 omen
520 834 693 911 coniunxit,
705 833 754 896 ain
768 833 800 894 in
813 852 852 894 eo
868 834 982 895 malum
997 852 1089 894 omen
1104 834 1246 896 invenire
1258 837 1373 916 potuit.

275 941 400 1006 Eadem
421 943 501 1004 ratio
523 951 575 1004 ast
595 941 626 1002 in
647 941 772 1001 nomine
794 939 959 1002 columban
983 937 1129 1036 (flio),
1151 939 1238 1021 quod
1257 943 1372 1004 sicum

275 1079 377 1136 morta
406 1068 538 1168 (ab)
567 1067 787 1150 coniungitur,
816 1066 899 1128 malo
926 1064 1021 1127 omini
1048 1071 1110 1132 est
1157 1066 1214 1130 Sin
1241 1065 1273 1128 in
1301 1067 1372 1129 aliia

276 1195 473 1277 nominibus,
500 1195 561 1256 nisi
589 1194 672 1276 quod
699 1193 730 1256 in
757 1213 855 1257 corvo
883 1193 1006 1256 nonnisi
1032 1195 1147 1255 malum
1172 1210 1266 1254 omen
1288 1209 1373 1254 aon-

276 1303 418 1386 apiaitur.
459 1301 612 1364 Nonnulli
634 1309 739 1364 autem
761 1302 877 1376 dieunt,
899 1319 1016 1363 vanem
1037 1300 1127 1362 corvi
1148 1301 1256 1382 magni
1284 1299 1372 1413 (0¹⁸².

277 1429 413 1511 (ahak)
448 1431 532 1493 maio
563 1430 676 1515 omini,
711 1447 827 1493 vocem
858 1429 951 1512 parvi
986 1425 1090 1512 (ωε
1119 1425 1248 1508 Ghik)
1286 1429 1372 1490 bono

278 1572 372 1617 amun
398 1571 483 1616 assa.

281 1898 362 1970 129.
415 1895 627 1985 infaustior,
654 1924 767 1998 quam
792 1896 899 1970 fusca
924 1893 1115 1991 (camela).

361 2045 418 2108 Sia
440 2044 564 2128 dicitur,
588 2044 672 2126 quod
693 2049 816 2110 camela
836 2046 991 2110 interdum
1011 2047 1133 2128 aufugit
1153 2053 1186 2107 at
1206 2046 1238 2106 in
1251 2052 1371 2106 terram

277 2153 351 2218 abit
393 2153 602 2216 Proverbium
628 2153 691 2215 hon
710 2154 970 2218 Abu-Obbaidua
995 2156 1152 2218 Alkaaem
1175 2155 1371 2218 ben-Seiam

277 2260 409 2344 adtulit,
453 2263 496 2324 nii
537 2271 644 2326 nutem
692 2263 827 2344 amplius
872 2263 1050 2346 explicandi
1099 2282 1197 2326 nausa
1240 2263 1371 2327 addidit.

277 2367 489 2436 Abu-l'Neda
526 2370 574 2434 sio
606 2370 712 2432 retulit
748 2372 964 2452 proverbium:
999 2371 1068 2475 siin·
1088 2407 1143 2457 -t‘t’
1172 2373 1257 2446 ,did
1285 2371 1371 2452 „In-

277 2497 413 2560 fauatior
434 2515 529 2579 quam
552 2493 683 2561 Sarka“
706 2506 738 2560 nt
759 2498 865 2561 Sarka
885 2516 998 2559 nomen
1019 2499 1161 2560 camelae
1181 2515 1257 2560 ease
1278 2497 1371 2580 dixit,

279 2623 362 2690 quaa
382 2621 455 2668 num
474 2604 629 2668 insidente
650 2624 707 2687 per
728 2615 843 2669 terram
864 2606 1031 2689 aufugerit.

349 2734 1324 2950 nnnndndn

282 3011 365 3082 1³0.
414 3008 530 3105 Magis
555 3004 681 3080 valens
708 3005 883 3095 odoratu,
909 3032 1023 3108 quam
1043 3003 1369 3093 struthiocamela3

412 3157 527 3232 quam
550 3129 683 3234 lupus3
712 3159 826 3232 quam
850 3131 1019 3205 formica.
1060 3164 1064 3172 ·

360 3277 488 3361 Dicunt,
509 3279 797 3342 struthiocamelum
818 3280 941 3343 odorari
963 3289 1085 3361 patrem
1105 3299 1205 3344 suum
1220 3288 1277 3342 aut
1297 3299 1372 3343 ma-

279 3391 359 3448 tram
380 3397 436 3448 aut
454 3387 598 3468 hymnam
620 3397 676 3450 aut
697 3385 855 3452 hominnm
877 3407 896 3451 e
916 3389 987 3451 loco
1008 3391 1104 3472 longe
1120 3397 1249 3451 remoto.
1286 3389 1372 3452 Sunt

280 3493 348 3570 alii,
371 3495 422 3576 qui
443 3494 550 3558 auditu
571 3515 644 3559 eum
667 3513 776 3560 carere
801 3496 916 3561 dicant.
959 3499 1070 3579 Lupus
1097 3507 1202 3560 autem
1222 3517 1276 3559 res
1296 3500 1372 3561 mil-

279 3602 367 3667 liaria
396 3600 545 3667 distantia
571 3614 709 3668 remotas
734 3605 798 3668 imo
825 3607 942 3668 maiora
964 3606 1129 3689 odoratur,
1155 3607 1288 3669 formica
1309 3607 1372 3669 dn·

280 3712 376 3795 nique
396 3730 464 3795 ras,
487 3731 571 3794 quaa
591 3712 709 3776 homini
729 3713 826 3777 odora
846 3731 955 3778 narare
975 3713 1138 3797 videntur,
1166 3734 1217 3778 ena
1239 3734 1287 3798 gr.
1307 3735 1372 3798 pa-

282 3819 354 3884 dam
374 3819 520 3884 locustae
541 3820 697 3884 odoratur.
