2986 4930
582 295 811 362 ..453-

142 483 305 566 publicum
326 469 441 564 prodiit
469 487 502 544 et
530 480 704 544 altauoee
724 477 885 544 clamavit.
923 479 996 562 Ego
1017 477 1132 560 ljadita
1150 495 1240 560 sum;

143 593 219 674 quis
241 597 391 655 autema
415 609 467 652 me
493 588 591 671 pediti
618 586 759 652 dedecus
788 586 872 651 datis
899 585 951 650 his
979 586 1102 650 duobus
1129 586 1241 668 pannis
1336 607 1339 612 ·

143 699 266 766 striatis
294 696 434 759 Arabiae
461 695 564 758 felicis
585 690 684 757 emit?
720 695 875 759 Accessit
905 712 1020 776 senex,
1049 693 1102 756 cui
1128 711 1241 758 nomen

146 802 360 870 Ahbd-Allah
381 802 624 866 ben-Baidarah
639 801 732 886 erat,'
747 802 788 865 ad
808 801 959 865 familiam
973 802 1109 864 Mahw
1128 802 1243 884 appel-

146 915 245 976 latam
272 911 451 994 pertiriens,
483 929 566 992 quae
594 929 669 992 pars
692 910 792 972 tribus
817 907 1072 974 Ahbd-Aikaisi
1093 916 1180 992 erat,
1210 916 1244 972 et

147 1038 257 1087 coram
278 1018 413 1082 testibus
432 1017 513 1079 istos
536 1015 615 1078 duos
637 1033 760 1096 pannos
782 1015 916 1098 accepit,
938 1024 975 1077 ut
996 1015 1027 1077 in
1048 1014 1117 1078 eius
1130 1014 1244 1078 tribum
1332 1090 1336 1096 ῃ

149 1127 298 1190 dedecus
320 1125 553 1188 transferretur.
609 1124 705 1209 Hanc
733 1122 773 1184 ob
807 1140 939 1186 causam
972 1119 1086 1203 Ijadita
1118 1121 1244 1204 quidam

148 1236 181 1296 in
202 1239 331 1315 gentem
346 1229 575 1293 Ahbd-Alkais
595 1230 655 1294 hos
676 1247 796 1292 versus
815 1227 910 1292 dixit:

249 1359 649 1480 assuetas„
750 1360 1145 1508 astitissent

455 1537 947 1718 efflmmd
1224 1573 1230 1582 ·

149 1738 200 1803 a0
229 1746 361 1822 gentem
389 1730 527 1801 Locais!
570 1755 652 1818 quae
685 1738 781 1800 istam
812 1736 1079 1820 praedicationem
1112 1739 1247 1822 primum

192 1844 233 1906 de
260 1853 293 1907 te
318 1844 360 1905 ibi
390 1843 540 1926 divulgas
568 1852 601 1906 et
628 1863 691 1906 non
720 1845 881 1926 occultas3
916 1845 1017 1907 redite
1043 1846 1083 1909 ad
1103 1847 1193 1909 viros
1213 1855 1247 1909 et

190 1953 234 2014 ibi
253 1950 360 2034 pedite
371 1943 434 2026 ¹)ia
635 1951 638 1954 ’

152 2081 243 2148 Gens
265 2089 372 2146 autem
393 2081 625 2172 Ahbd-Alkais
646 2082 709 2146 hoc
729 2083 769 2146 iis
788 2092 1012 2167 regesscrunt:

251 2215 320 2308 itii
346 2227 382 2330 tj
399 2213 492 2333 ,133
519 2227 540 2308 t
566 2215 649 2343 ἒξ,
747 2213 801 2370 itt
826 2219 938 2310 m
963 2215 1147 2372 &a

155 2411 267 2476 »Gens
295 2413 364 2494 ljad
392 2425 466 2477 ante
494 2434 554 2478 nos
575 2415 721 2500 pepedit,
751 2423 784 2478 ct
803 2435 862 2478 nos
883 2437 945 2479 non
966 2417 1111 2499 pedimus
1133 2425 1165 2480 et
1185 2436 1248 2481 non

195 2518 229 2581 id
248 2519 410 2582 facimus«

238 2627 327 2688 Illius
348 2635 455 2688 autem
477 2627 554 2689 sacti
575 2635 671 2708 poeta
692 2626 817 2708 quidam
837 2629 869 2689 in
884 2626 974 2689 hisce
992 2627 1140 2690 versibus
1155 2649 1249 2691 meu-

157 2733 275 2797 tionem
296 2732 389 2794 feeit:

206 2862 336 3000 3,ζὲ
360 2856 1201 3010 uacau'tjmfftrtsctur

105 3169 109 3172 ,
204 3079 668 3236 prutenorum
738 3091 1201 3228 gsgsgjurfftn

156 3289 205 3354 „0
228 3291 297 3371 quis
321 3291 401 3353 vidit
421 3293 517 3354 talem
538 3301 767 3377 mercaturam,
797 3294 921 3376 qualem
941 3295 1020 3357 fecit
1039 3294 1252 3358 Ebu-Raida-

196 3397 312 3482 rahus‚
341 3397 498 3480 inutilem,
525 3399 647 3461 iacturis
676 3400 899 3484 affligentem,
927 3404 979 3484 qui
1008 3404 1083 3464 emit
1111 3402 1251 3465 dedecus

196 3503 299 3584 pretio
331 3504 462 3566 duarum
489 3507 628 3568 vestium
649 3507 900 3570 demanensium.
941 3509 1040 3572 Arida
1061 3509 1117 3575 fiat
1137 3527 1251 3572 manus

198 3606 444 3693 complodentis!
481 3611 584 3690 Quam
605 3631 755 3696 magnam
775 3614 928 3678 iacturam
949 3607 1060 3678 fecitis
1265 3600 1273 3610 ’

174 3853 206 3924 ij
220 3847 351 3916 Lacaisus
370 3867 430 3915 erat
448 3877 517 3916 unus
534 3865 603 3916 tilius
617 3869 704 3920 Atace
721 3869 986 3921 ben-Ahbd-Alkais.
1018 3867 1138 3919 Alterius
1155 3881 1253 3920 nornen

222 3958 330 4008 Schann
355 3961 424 4006 erat.
458 3958 557 4008 Iroeais
578 3959 660 4022 igitur
683 3961 723 4012 iris
746 3960 773 4011 in
796 3961 919 4013 versibus
943 3963 1050 4025 gentem
1066 3961 1253 4012 Ahbd-Allrais

223 4047 356 4111 designat.
389 4045 609 4114 Praedicatinne,
638 4063 687 4100 aas
714 4051 870 4117 pepedisse,
897 4049 986 4100 dicere
1008 4051 1084 4117 vult,
1113 4051 1254 4116 quamdis

223 4139 312 4188 Arabs
330 4137 356 4188 in
372 4137 496 4188 nundinis
515 4138 715 4203 divulgaverat.
745 4143 863 4200 Metram
880 4153 1006 4190 versuum
1024 4143 1119 4196 sarii
1136 4149 1187 4198 est.
1212 4145 1254 4195 Gt.

223 4229 282 4278 hier.
300 4241 334 4277 m.
352 4241 377 4290 p.
395 4227 460 4277 246.

1010 4353 1058 4421 30
