2986 4930
545 311 771 376 ..435.„

173 496 467 560 Sabarai-Aldinus
489 495 649 559 diversam
670 499 763 560 vocis
782 497 877 602 sbjll,
899 516 970 581 qne
989 495 1058 562 sine
1072 497 1201 561 'lesoh-

109 622 183 685 dido
205 621 400 707 enunoiatur,
422 599 631 704 intelligendae
652 624 805 686 rationem
825 623 999 687 adnotavit.
1031 626 1126 708 Sum,
1148 624 1203 705 qui

109 731 186 794 vooi
207 731 342 792 eandem
364 747 458 811 quam
478 729 552 792 voei
579 729 668 834 ιιϋιι
697 730 961 814 significationem
983 749 1030 796 so.
1052 732 1203 796 eremoris

111 857 265 942 tribuant,
288 865 324 919 ιιι
343 866 459 920 sensus
483 857 643 939 proverbii
663 858 720 920 sit:
742 876 868 923 eremor
889 876 963 921 eum
983 861 1068 921 laete
1089 877 1202 922 erasse

110 967 155 1028 ita
175 967 308 1028 mixtum
326 974 388 1049 est,
410 974 444 1028 ιιι
465 967 614 1050 butyrum
635 966 706 1028 eliei
726 987 789 1030 non
809 967 920 1049 possit.
953 967 1036 1030 Aliis
1057 969 1203 1030 laoto-

110 1094 186 1137 nue
207 1083 275 1157 est,
297 1075 349 1137 alii
370 1075 505 1156 denique
526 1085 655 1158 putant,
678 1095 749 1138 eam
771 1094 844 1138 eum
866 1075 1046 1140 'l'esohdido
1068 1075 1203 1140 enunci-

110 1181 226 1246 andam
238 1182 428 1265 significare
448 1183 594 1266 herbam,
625 1202 706 1266 quae
732 1184 761 1244 si
781 1183 899 1249 ineidat
919 1184 950 1246 iu
970 1185 1023 1246 lae
1044 1187 1202 1270 eoagula-

109 1299 199 1373 tum,
228 1289 376 1371 butyrum
404 1287 531 1352 difficile
559 1290 691 1352 secerni.
732 1290 908 1352 Adhibetur
932 1293 1133 1373 proverbium
1161 1292 1203 1355 ad

110 1395 368 1483 significandum,
399 1397 506 1479 gentis
528 1413 581 1458 res
608 1396 731 1458 omnine
761 1397 914 1459 confusas
940 1406 973 1459 et
1001 1400 1203 1479 perturbatas

110 1523 202 1587 esse,
232 1511 267 1565 ut
291 1523 403 1566 verum
429 1522 503 1565 enm
528 1503 610 1565 falso
637 1503 824 1586 permixtum
856 1503 915 1566 sit:
937 1481 1203 1569 Sabarai-Aldin.

109 1611 184 1675 Hoo
212 1611 253 1674 ad
281 1621 415 1674 metrum
444 1611 565 1675 Sarih
590 1610 700 1672 referri
728 1621 844 1693 potest.
872 1613 955 1675 conf.
977 1615 997 1674 l.
1018 1634 1059 1675 m.
1080 1635 1110 1697 p.
1131 1613 1203 1678 24⁶.

104 1720 316 1792 ‚Alazmiihus
342 1719 474 1781 alterum
495 1717 696 1798 proverbium
719 1716 830 1803 adtulit
850 1703 952 1803 paene
972 1717 1055 1783 idem
1076 1721 1204 1805 signifi-

111 1849 205 1895 cans:
230 1830 337 1929 egipti,
362 1830 443 1913 Mil
469 1829 588 1900 ,blasi
608 1827 712 1912 „Nox
733 1846 805 1890 oum
827 1837 911 1890 terra
931 1831 1089 1911 permixta
1109 1824 1208 1895 fuit.“

112 1953 406 2021 Sabarai-Aldinus
421 1953 500 2016 dixit
518 1954 719 2037 proverbium
739 1955 929 2038 significare,
952 1955 1130 2020 hominibus
1151 1975 1205 2022 res

113 2064 264 2124 obscuras
285 2072 319 2124 et
340 2060 453 2124 dubias
475 2079 564 2146 esse,
581 2070 617 2123 ιιι
637 2061 711 2142 quid
731 2062 891 2145 agendum
912 2075 1012 2146 esset,
1033 2066 1203 2129 nesoirent.

407 2171 552 2350 Ubii·
586 2183 696 2304 deit
716 2175 809 2350 3ζὲ
881 2225 936 2303 rr

451 2341 471 2363 θ
600 2341 649 2363 da
678 2342 700 2383 ἓ

114 2411 172 2479 33.
225 2407 417 2506 Optimum
442 2431 506 2478 vas
533 2421 642 2479 tuum
666 2407 828 2479 inventis.

129 2569 132 2574 ,
195 2532 402 2595 Proverbium
429 2531 578 2595 adhibent
604 2533 829 2618 significaturi)
866 2552 926 2596 nos
954 2533 1098 2598 frustrari
1128 2554 1203 2619 eos,

115 2642 166 2722 qui
187 2640 218 2701 in
240 2640 386 2703 clientela
407 2651 516 2703 nostra
539 2641 612 2724 sint,
636 2649 669 2702 et
689 2659 749 2702 nos
771 2642 840 2703 aliis
861 2639 945 2703 dona
966 2641 1052 2703 dare.

114 3009 172 3084 34.
198 3012 348 3114 Optima
365 3038 482 3114 opum
500 3025 649 3082 tuarum
669 3023 839 3111 pareest,
860 3035 944 3110 quae
963 3008 1030 3082 tibi
1047 3007 1203 3113 profuit.

193 3138 451 3203 Abu-Obbaidns
470 3137 559 3223 dixit,
580 3136 724 3199 homiues
744 3136 920 3220 intelligere
940 3136 1141 3218 proverbium
1163 3135 1204 3198 de

112 3247 240 3332 opibus,
276 3266 359 3329 quae
386 3247 417 3308 in
445 3249 514 3308 vita
539 3252 712 3326 erogentur
736 3252 769 3304 et
796 3242 986 3306 haeredibus
1013 3264 1076 3306 non
1105 3244 1204 3308 relin-

112 3365 254 3435 quantur.
307 3352 618 3417 Abu-Obbaidahus
646 3360 751 3413 autem
785 3369 863 3432 opes
892 3370 949 3413 eas
970 3370 1063 3431 esse,
1092 3353 1204 3434 quibus

111 3464 252 3545 erogatis
280 3462 478 3543 prudentiam
506 3460 565 3521 sibi
587 3459 820 3540 comparaverit
840 3459 906 3541 vir,
936 3459 1048 3540 quain
1070 3472 1204 3522 oonser-

111 3571 224 3634 vaudis
238 3609 243 3618 *
259 3571 371 3652 opibus
403 3567 552 3631 utendum
581 3567 630 3628 sit.
678 3568 816 3629 Sensum
846 3565 931 3628 hune
962 3585 1075 3629 verum
1110 3585 1202 3652 esse,

111 3677 318 3758 proverbialis
339 3675 455 3738 looutio
476 3675 519 3737 illi
531 3673 687 3742 simillima
700 3672 831 3736 indicat:
856 3671 937 3741 exli·
962 3708 1005 3758 0.
1029 3699 1119 3774 &unp
1143 3673 1203 3757 „l

110 3775 209 3867 dhe,
236 3779 266 3842 la·
312 3775 438 3858 »Opem
460 3793 543 3858 quae
563 3783 596 3836 te
616 3783 821 3857 monuerunt,
849 3772 994 3856 perditae
1014 3792 1077 3835 non
1097 3780 1202 3836 sunto

113 3877 205 3942 Cont'.
229 3877 332 3938 Harir.
353 3895 384 3956 p.
404 3871 476 3936 381.
498 3871 547 3936 ed.
570 3873 610 3935 do
630 3873 730 3954 Saoy.

348 4007 885 4204 dssjdeisssssjssss
948 4065 996 4142 ro

115 4251 172 4320 35.
200 4244 349 4346 Optime
370 4261 404 4316 te
423 4244 521 4315 Deus
543 4231 809 4314 reducat'eum
835 4239 973 4318 familia
991 4258 1028 4316 et
1048 4242 1202 4344 opibusl
