3026 4942
597 386 638 396 -
681 352 737 416 121

162 554 259 682 θὲς
284 577 385 674 &an
411 553 510 654 atat
529 558 663 681 με
763 559 906 674 daug
937 557 1049 685 ojus
1069 548 1166 686 35,
1193 553 1253 654 nt

164 753 353 821 aProfecto!
376 760 445 842 quis
467 760 594 842 vigilias
616 777 688 821 cum
709 778 819 823 somno
841 755 1024 842 permutat?
1049 763 1170 852 Beatus
1190 764 1254 845 ille,

206 867 260 944 qui
281 874 448 948 pernoctat
477 866 575 927 oculis
603 866 727 946 quietis.
768 866 955 948 Himjaritae
977 870 1097 949 perfide
1119 878 1255 952 agentes

206 971 414 1055 deceperunt3
437 973 496 1035 sed
516 974 578 1035 Dei
599 975 765 1036 excusatio
787 975 1022 1038 Dsu-Roaihno
1050 986 1129 1038 catu

249 1083 387 1143 Mettum
408 1100 557 1143 versuum
578 1081 710 1144 Wafir
732 1092 791 1144 est.
821 1083 903 1144 conf.
924 1084 943 1143 l.
967 1103 1007 1144 m.
1028 1105 1058 1166 p.
1079 1085 1151 1147 203.
1193 1086 1277 1150 His

163 1187 258 1252 lectis
280 1191 359 1272 eius,
382 1188 465 1271 quod
487 1189 669 1252 dehortatus
691 1199 769 1272 erat,
791 1209 900 1272 regem
921 1193 1172 1256 commonefecit.

167 1629 251 1702 364.
305 1629 366 1701 Tu
391 1655 521 1703 canem
545 1656 622 1703 nou
647 1630 780 1704 irritas.

250 1781 290 1844 ni
312 1781 438 1867 dicitur,
462 1782 514 1862 qui
534 1755 731 1845 mansuetum
753 1791 786 1844 et
805 1783 913 1846 mitem
940 1781 983 1846 ad
1003 1785 1152 1865 impetum
1173 1785 1258 1847 saci-

169 1890 284 1952 endum
305 1892 445 1973 instigat.

323 2077 535 2226 ciffis
570 2085 625 2212 do
656 2079 711 2236 ζμ
745 2083 895 2228 ΗΜ
922 2115 986 2291 0¹,
1039 2130 1130 2212 to

169 2338 251 2409 365.
302 2334 392 2409 Vilis
417 2352 483 2424 est,
508 2338 575 2436 qui
601 2336 640 2408 in
664 2337 820 2438 imperio
847 2335 916 2410 suo
941 2335 1022 2410 vilis
1048 2354 1114 2411 est.

251 2489 288 2546 In
309 2507 380 2548 eum
390 2531 401 2569 7
424 2490 488 2570 qui,
510 2507 605 2569 quum
625 2486 798 2549 honoratus
822 2506 897 2549 esse
919 2488 1051 2573 debeat,
1082 2490 1256 2590 despicitur

171 2598 204 2650 et
225 2592 277 2651 ubi
297 2593 437 2671 potentia
458 2595 526 2654 eius
548 2603 766 2676 exspectatur,
788 2594 901 2656 debilis
924 2604 987 2677 est,
1011 2594 1155 2676 quadrat.

333 2769 1118 2988 fflffifflssdc

172 3032 255 3103 366.
306 3014 475 3120 Quodsi
499 3031 659 3106 mendax
686 3061 735 3123 es,
761 3034 963 3110 recordans
989 3038 1047 3109 sis.

253 3183 304 3244 De
326 3204 364 3246 eo
386 3184 509 3269 dicitur,
532 3187 583 3267 qui
604 3189 755 3250 mentitus
783 3198 834 3250 est
862 3199 894 3252 et
919 3198 985 3252 tum
1024 3189 1181 3252 mendacii
1214 3192 1263 3252 sui

52 3294 55 3299 '
172 3291 365 3355 obliviscens
386 3295 462 3377 alia,
485 3312 577 3375 quam
599 3304 694 3358 antea
714 3305 828 3358 narrat.

384 3477 1105 3665 &Mffifflma

172 3715 256 3789 367.
308 3713 346 3786 Si
372 3715 471 3802 emis,
498 3711 570 3787 fori
597 3739 739 3788 memor
765 3717 823 3788 sis.
945 3651 966 3693 Β

255 3863 378 3926 Suadet
398 3865 615 3945 proverbium,
643 3875 678 3928 ut
704 3865 737 3926 iu
765 3868 879 3928 merois
909 3866 997 3928 vitiis
1027 3866 1262 3948 cognoscendis

171 3970 336 4050 prudentia
356 3969 553 4057 adhibeatur,
575 3982 610 4035 ut
629 3974 741 4034 iterum
762 3974 857 4036 vendi
881 3975 992 4058 possit.
1048 4025 1051 4033 .

487 4125 563 4170 r,
655 4131 823 4175 „c

822 4311 844 4352 8
