2970 4946
709 318 937 384 ..740-

367 505 427 570 Vir
454 504 496 568 ad
526 511 655 587 gentem
681 501 953 568 Banu-Abdwan
978 498 1139 584 pertinens
1166 501 1376 566 0hmeilahus

281 609 506 676 ben-Chaled
529 611 759 674 ben-Alabsal
780 611 979 694 appellatus,
1007 611 1059 674 eui
1079 627 1257 694 cognomen
1278 613 1378 675 Abu-

283 719 432 802 Sajjarah
460 729 549 803 erat,
586 719 709 782 asinum
735 720 858 802 nigrum
887 719 1092 802 possidebat,
1124 738 1187 802 quo
1215 720 1375 782 vehentes

280 849 338 912 per
373 827 584 911 quadraginta
617 847 769 890 annorum
801 827 940 911 spatium
977 845 997 890 a
1032 828 1103 891 loeo
1139 825 1377 890 Almosdalifah

281 937 440 1021 appellate
468 936 510 1001 ad
537 937 660 999 Minam
685 936 863 999 transibant
893 935 1046 998 homines
1095 934 1264 999 Alfadhlus
1292 936 1376 998 ben·
1461 917 1462 1002 i

280 1047 358 1110 lbaa
376 1043 569 1108 Alrekasubi
590 1051 622 1106 et
643 1043 796 1106 Cbalidua
818 1042 1055 1106 ben-Zafwan
1074 1043 1165 1124 primi
1185 1050 1293 1124 erant,
1321 1042 1378 1125 qui
1461 1069 1462 1104 3

281 1151 542 1234 Abu-Sajjarabi
563 1153 741 1233 exemplum
761 1150 922 1214 imitantes
942 1150 1052 1212 asinos
1073 1149 1106 1211 in
1120 1148 1269 1212 vehendo
1285 1150 1378 1232 equis

281 1259 516 1345 praeferebant
563 1256 900 1337 Abu-Aljakthsanus
933 1256 1028 1320 dixit:
1059 1253 1377 1337 Abu-Sajjarahum

281 1369 415 1448 primum
435 1366 549 1450 briaae,
572 1367 625 1448 qui
650 1375 778 1429 eentum
807 1365 949 1429 eumelus
976 1373 1125 1448 tanquam
1150 1365 1289 1448 pretinm
1316 1383 1377 1446 pro

281 1477 394 1540 uteba
415 1476 542 1539 bomine
562 1472 630 1536 dari
650 1473 903 1557 praescripserit.

640 1607 705 1642 aea
755 1609 771 1642 u
843 1596 943 1642 μοί

616 1677 715 1807 {Asa
749 1695 804 1800 0:
839 1642 942 1789 est-toi
1012 1691 1061 1739 AV

284 1848 344 1918 87.
395 1844 514 1917 Maior
540 1843 692 1932 artifex,
720 1869 835 1946 quem
849 1839 1123 1916 'animalonlum
1147 1841 1284 1916 Sorfah
1310 1869 1380 1944 ap-

398 1955 589 2059 pellatum·
1364 1993 1368 2000 ¹

366 2085 404 2145 In
437 2082 645 2146 describendo
686 2083 750 2145 boe
787 2083 921 2144 animale
954 2085 1144 2165 interpretes
1176 2083 1380 2148 dissentiunt

285 2187 460 2270 Aljasidiua
489 2187 584 2250 dixit:
617 2195 669 2251 est
698 2188 919 2253 animaleulum
947 2209 1101 2274 parvum,
1128 2189 1212 2273 quod
1232 2191 1380 2254 arborem

284 2295 425 2380 perforat
446 2304 479 2359 et
499 2297 531 2359 in
552 2316 592 2359 ea
614 2296 740 2361 domum
760 2297 820 2360 sibi
841 2298 984 2362 exstruit
1009 2299 1099 2361 Dixit
1119 2300 1380 2364 Abu-Ahmruus

287 2405 506 2470 ben-Alabla:
532 2406 764 2469 animatorum
797 2414 849 2468 est
876 2406 1092 2490 magnitudine
1125 2406 1242 2470 dimidii
1273 2411 1379 2492 lentis,

287 2512 372 2598 quod
393 2513 538 2576 arborem
558 2513 699 2594 perforat
719 2514 803 2576 etin
825 2533 864 2576 ea
881 2514 1008 2577 domum
1029 2515 1090 2576 sibi
1111 2535 1153 2577 ex
1174 2515 1271 2598 lignis
1292 2517 1380 2580 feeit.

287 2620 394 2705 Ligna
415 2629 523 2684 antem
544 2621 609 2683 ista
628 2621 660 2684 in
681 2622 796 2685 seriem
818 2621 992 2705 disposita,
1021 2621 1085 2687 fitis
1107 2643 1244 2687 araneae
1264 2625 1381 2686 simili-

286 2728 347 2791 bus
374 2729 544 2792 eoniuneta
570 2737 645 2791 sunt
670 2729 726 2812 ita,
749 2737 785 2791 ut
806 2731 876 2792 eins
904 2731 1012 2815 anguli
1038 2730 1080 2794 ad
1107 2733 1252 2811 regulam
1282 2733 1382 2795 erecti

287 2835 467 2900 videantur.
485 2846 487 2852 '
508 2835 571 2898 Eat
591 2854 716 2918 quoqne
737 2836 828 2918 porti
849 2834 1003 2919 quadrati
1023 2837 1197 2920 instructa,
1229 2845 1263 2899 et
1290 2839 1382 2920 quasi

288 2946 408 3028 glutine
442 2954 518 3008 sunt
548 2943 674 3007 tabulae
705 2945 850 3028 ringulae
884 2947 1080 3009 coniunctae.
1135 2944 1382 3009 Mohammedes

288 3052 491 3115 ben-Habib
520 3050 611 3133 dicit,
640 3053 859 3114 animalculum
880 3050 953 3115 illud
977 3053 1038 3114 sibi
1058 3070 1165 3115 aream
1183 3060 1381 3135 construere,

291 3161 323 3223 in
352 3177 417 3242 qua
441 3160 609 3240 moriatur:
637 3179 796 3242 nunquam
816 3160 933 3222 vivens
964 3159 1078 3226 animai
1105 3159 1137 3222 in
1168 3178 1208 3221 ea
1236 3160 1382 3221 inveniri.
1461 3199 1462 3202 =

292 3292 504 3356 Proverbium
533 3310 659 3374 quoqne
692 3293 740 3355 sie
768 3294 974 3360 enuntiatur:
1001 3265 1100 3394 ‘53⁶3‘
1123 3327 1167 3380 ς).
1190 3294 1316 3398 &mi
1343 3302 1383 3354 et

291 3809 349 3882 88.
375 3757 495 3879 Maior
514 3803 661 3894 artifex,
683 3830 797 3907 quam
817 3808 894 3878 avis
914 3801 1165 3880 Tanawwuth
1185 3800 1384 3906 appellata.

373 3941 451 4004 Vox
471 3943 562 4032 „bji‘
582 3941 644 4003 boe
664 3939 696 4000 in
715 3938 883 4020 proverbio
906 3937 1024 4021 dupiiei
1044 3938 1138 4001 modo
1159 3937 1305 4020 effertur,
1327 3944 1385 3998 aut

178 4140 181 4149 Ι
293 4059 506 4122 'l'anawwnth
527 4065 582 4121 aut
603 4057 815 4120 Tnnawwith.
850 4057 935 4120 Avis
955 4074 1070 4119 nomen
1091 4062 1152 4138 est,
1174 4071 1256 4136 qnae
1275 4050 1383 4114 nidum

176 4228 181 4248 ,
292 4165 464 4231 artificiose
484 4167 563 4232 feeit
582 4185 680 4250 supra
699 4173 869 4249 angustum
890 4165 972 4230 infra
993 4165 1149 4247 amplum,
1178 4161 1232 4244 qui
1251 4180 1273 4224 a
1292 4179 1382 4224 ramo

294 4273 462 4356 dependet.
