3004 4926
274 784 355 856 165.
405 782 525 882 Saepe
551 780 709 853 verbum
733 777 911 882 relinquit
935 780 1081 880 signum
1105 779 1274 856 ustionis.

352 930 515 1014 originem
535 931 696 1012 proverbii
716 931 765 993 sic
785 939 927 993 narrant:
953 930 1052 993 Arabi
1073 929 1243 1011 campestri
1262 937 1364 991 vetu-

270 1041 330 1104 stis
351 1049 385 1102 et
411 1039 565 1122 squalidis
591 1040 739 1102 vestibus
767 1037 875 1100 induto
901 1038 1025 1101 dixerat
1047 1037 1186 1120 quidam:
1214 1038 1291 1099 Non
1311 1056 1366 1098 me

269 1146 390 1210 laetitia
410 1149 523 1230 afficit,
553 1147 639 1230 quod
666 1147 751 1228 apud
780 1155 814 1209 to
841 1147 961 1227 hospes
990 1155 1066 1207 tuus
1093 1153 1257 1226 pernooto.
1300 1144 1366 1208 Cui

268 1257 375 1318 Arabs
402 1255 583 1337 respondit,
612 1254 642 1317 si
670 1253 753 1337 apud
778 1275 831 1316 me
856 1254 976 1335 hospes
1006 1273 1098 1315 meus
1123 1262 1365 1336 pernoctasses,

268 1364 412 1448 profecto
434 1373 469 1426 tu
488 1371 618 1445 postero
645 1379 738 1424 mane
765 1362 945 1424 ventrosior
973 1363 1110 1445 fuisses,
1141 1381 1236 1453 quam
1262 1370 1366 1424 mater

267 1472 347 1535 hora
367 1479 441 1533 ante
462 1489 556 1554 quam
577 1479 611 1532 te
635 1471 730 1532 enixa
752 1478 811 1534 est.
854 1470 948 1551 Nos,
977 1488 1071 1551 quum
1097 1469 1209 1532 fertilis
1232 1478 1283 1531 est
1303 1490 1366 1533 an-

268 1597 341 1660 nus,
356 1580 487 1642 multum
509 1579 632 1642 edimus
653 1578 758 1640 cibum
781 1595 852 1640 oum
874 1577 1017 1661 obsonio,
1034 1587 1066 1640 et
1084 1578 1192 1659 inopia
1209 1579 1366 1642 laboranti

268 1687 368 1749 multa
401 1685 483 1764 dona
512 1682 635 1746 damus:
684 1685 728 1746 Et
755 1701 854 1763 saepe
886 1685 1017 1746 verbum
1050 1683 1197 1766 relinquit
1227 1686 1365 1750 ustionis

269 1795 415 1876 signum,
439 1793 525 1876 quod
546 1792 679 1856 anobis
701 1791 839 1854 removit
860 1789 977 1874 agendi
998 1791 1097 1876 ratio,
1126 1809 1208 1872 quae
1228 1792 1362 1880 vitupe-

236 1925 242 1930 ·
263 1901 347 1968 rium
369 1911 505 1965 resecat.
957 1897 960 1904 ’

270 2293 352 2369 166.
405 2291 524 2392 Saepe
549 2290 618 2364 sibi
643 2292 732 2364 serit
740 2320 752 2377 3
781 2307 819 2363 at
846 2288 937 2365 alius
963 2290 1127 2368 demetit.

349 2442 460 2506 Verba
480 2441 563 2504 haec
582 2441 733 2503 Ahmirus
755 2441 1005 2527 ben-Althsarb,
1029 2465 1122 2528 quum
1144 2447 1366 2513 Zahzaabhus

266 2549 563 2631 ben-Moahwijjab
584 2550 681 2612 filiam
707 2551 776 2612 eius
797 2552 829 2612 in
850 2551 1046 2616 matrimonio
1067 2553 1127 2615 sibi
1151 2555 1309 2639 petiisset,
1332 2567 1367 2620 et

266 2661 466 2741 accepisset,
498 2659 579 2720 inter
599 2658 661 2720 alia
681 2659 770 2741 genti
790 2677 870 2721 suae
893 2660 979 2722 dixit.

510 2848 606 2984 aaa)
643 2795 698 2951 [5⁴
734 2796 881 2943 maji
907 2767 1026 2968 saiji
1096 2845 1150 2928 ttv

270 3029 352 3100 167.
406 3024 560 3099 Custodi
586 3023 740 3099 domum
767 3053 788 3098 a
815 3028 972 3100 custode
998 3037 1085 3108 suo!

348 3159 408 3221 Vir
429 3159 555 3241 quidam
577 3158 689 3221 domus
711 3159 889 3223 custodiam
911 3180 1009 3225 servo
1037 3162 1219 3228 tradiderat.
1256 3167 1364 3246 Quum

266 3265 394 3330 domum
415 3266 543 3346 rediret,
566 3275 683 3328 servus
705 3251 809 3334 omnia
830 3287 941 3331 seeum
962 3279 1093 3350 portans
1116 3272 1294 3355 aufugerat.

537 3402 582 3434 oe
671 3413 690 3433 a
748 3415 799 3436 ‚a
859 3393 907 3438 ῦ,
960 3394 1007 3436 5>

503 3468 593 3556 a)...
629 3433 699 3528 ‘diui
733 3445 804 3566 25
839 3462 916 3570 ‘852³
951 3481 1009 3577 ῳ)
1083 3455 1136 3536 tu

268 3636 349 3710 168.
398 3635 517 3736 Saepe
541 3633 626 3707 lana
651 3652 706 3709 est
732 3662 845 3738 super
872 3662 943 3711 ore
969 3663 1097 3739 prava·
1211 3731 1214 3737 μ

347 3767 384 3827 ln
406 3783 537 3826 avarum
559 3763 689 3827 divitem
715 3763 838 3826 dicitur.

506 3907 691 4058 Μ
714 3971 893 4106 am
929 3989 988 4084 ⁰)
1062 3960 1108 4045 ’Ἡ

268 4139 348 4216 169.
400 4141 508 4243 Saepe
533 4145 575 4232 is,
603 4139 669 4244 qui
694 4140 791 4216 lacte
818 4141 1071 4218 abundantem
1100 4145 1277 4220 camelam
1302 4150 1363 4222 in-

400 4271 521 4354 venit,
540 4286 647 4369 putat
672 4295 751 4341 eam
775 4297 851 4344 esse
872 4299 1005 4373 parum
1023 4271 1128 4347 lactis
1144 4273 1360 4350 habentem.
