3026 4942
570 373 796 436 «2¹15-

133 581 251 699 tts
270 578 330 697 ‚t
354 577 452 705 tte
472 611 517 695 ,t
541 594 643 721 ᾧ
715 586 837 717 ,ss
863 576 956 711 „st
982 611 1024 677 n
1047 583 1226 710 „etigr

136 785 251 863 „Aqua
277 793 327 846 est
356 801 440 865 aqua
464 783 565 863 patris
594 783 655 844 mei
683 784 799 865 avique
829 787 889 846 mei
919 795 953 847 et
980 796 1098 867 puteus
1125 806 1227 871 meus,

176 909 268 972 quem
290 883 388 952 effodi
410 900 442 952 et
463 902 559 971 quem
580 891 735 952 muravit

213 1001 355 1059 Metrum
377 1015 494 1058 versus
516 997 617 1060 Waf
621 999 653 1057 ir
675 995 866 1078 appellatum
889 1008 949 1060 est.
980 1001 1065 1061 conf.
1093 1002 1113 1062 l.
1135 1022 1175 1063 m.
1197 1023 1228 1085 p.

133 1099 205 1169 203.
228 1097 350 1170 Schult.
372 1123 462 1185 prov.
483 1102 582 1166 Meid.
605 1126 635 1186 p.
656 1098 705 1167 ⁷6.

392 1260 427 1297 Μ
443 1276 461 1296 ι
558 1253 652 1298 cufi
763 1279 781 1297 α
834 1253 867 1297 >Ξ

137 1523 220 1598 349.
267 1519 516 1594 Abu-Watsiti
541 1521 671 1595 cameli
696 1527 787 1596 novi
809 1527 982 1622 graminis
1008 1542 1118 1626 pastu
1144 1530 1229 1629 pin·-

267 1673 357 1745 gues
383 1664 594 1720 evaserunt.

217 1799 365 1864 Conditio
392 1795 526 1862 hominis
554 1796 663 1861 melior
690 1801 804 1862 evasit.
853 1801 914 1892 Est
945 1816 1061 1864 versus
1089 1813 1145 1866 ant
1164 1805 1226 1866 he-

134 1906 325 1969 mistichium
347 1908 439 1970 metri
460 1905 593 1987 liedjes.
615 1907 699 1968 conf.
720 1907 738 1968 l.
762 1924 789 1968 c.
811 1926 842 1988 p.
858 1906 928 1970 231.
947 1917 980 1969 et
994 1908 1115 1976 Schult.
1137 1929 1228 1994 prov.

134 2014 231 2076 Meid.
251 2035 282 2096 p.
303 2013 353 2075 54.
1004 2047 1007 2052 ·

273 2147 973 2370 mmmm
1040 2238 1102 2312 u.

133 2443 216 2518 350.
268 2439 386 2511 Mater
411 2433 469 2510 lac
486 2433 574 2510 Ghil
593 2436 821 2541 appellatum
842 2437 908 2510 tihi
934 2435 1141 2540 potandum
1168 2434 1227 2510 de-

273 2561 339 2650 dit,
366 2588 483 2662 quum
509 2560 665 2660 gravida
690 2589 768 2636 non
793 2576 898 2634 esset.

219 2712 281 2773 Est
307 2729 423 2774 versus
452 2720 507 2772 aut
534 2712 768 2774 hemistichium
797 2712 889 2773 metri
910 2708 1077 2789 liedjes.
1103 2711 1186 2772 conf.
1208 2711 1227 2769 l.

113 2839 176 2899 [ω.
198 2839 227 2899 p.
249 2817 320 2880 231.
351 2817 555 2880 Vocabulum
583 2823 688 2901 με
717 2815 811 2880 Ghil
834 2818 884 2878 lac
905 2817 1120 2899 praegnantis,
1143 2817 1226 2898 quod

135 2945 245 3008 infanti
273 2943 404 3005 noxium
436 2962 512 3005 esse
539 2950 667 3027 putant,
703 2940 871 3026 significat.
918 2941 1093 3006 Proverbio
1121 2951 1227 3006 autem

135 3055 166 3115 in
189 3073 228 3117 eo
249 3062 394 3134 utuntur,
425 3052 475 3133 qui
496 3052 684 3113 societatem
705 3061 813 3114 tecum
834 3052 942 3134 inivit,
970 3060 1035 3113 tum
1058 3051 1166 3113 durum
1188 3071 1225 3114 se

135 3180 268 3248 gerens,
297 3172 347 3244 te,
376 3163 428 3243 qui
449 3170 617 3242 peccatum
639 3180 701 3223 non
724 3162 937 3243 commiseris,
967 3180 988 3222 a
1009 3179 1146 3242 persona
1167 3181 1226 3224 sua

135 3280 289 3334 removet

346 3427 1039 3622 munuc

138 3702 222 3773 ³51.
274 3693 397 3767 Alium
420 3691 512 3766 mihi
537 3691 697 3796 praetuli
722 3696 760 3766 in
789 3719 912 3796 pauco
937 3711 1076 3770 utrum.

218 3848 346 3910 Versus
374 3857 431 3909 aut
459 3847 690 3910 hemistichium
718 3847 810 3909 metri
836 3845 993 3927 Redjes
1015 3855 1075 3908 est
1097 3847 1181 3909 conf.
1203 3845 1222 3908 l.

136 3999 178 4042 m.
197 3999 228 4062 p.
241 3980 314 4044 tut.
336 3980 502 4043 Vocabulo
522 3954 595 4083 13⁰}
615 3977 669 4040 vei
689 3954 771 4082 ‘stiffi'
792 3999 931 4062 paucum
951 3978 1149 4062 significetur
1169 3989 1224 4042 aut

137 4105 229 4167 lactis
257 4113 312 4168 aut
340 4123 440 4188 cquae
468 4112 523 4167 eut
551 4103 630 4166 clins
659 4104 724 4187 rei,
754 4101 838 4185 quod
864 4103 913 4165 vir
939 4103 1000 4164 sibi
1027 4107 1221 4186 asservavit,

137 4220 203 4273 tum
230 4213 281 4274 elii
309 4212 435 4276 cuidam
464 4210 558 4273 dedit.
599 4214 636 4273 In
665 4227 737 4273 eum
767 4211 899 4295 dicitur,
928 4207 998 4294 qui,
1032 4226 1222 4294 quamquem

137 4336 191 4382 res
211 4321 327 4384 multas
348 4321 479 4401 abipso
500 4318 556 4382 tihi
575 4317 690 4383 inlhtcs
711 4319 866 4400 patienter
886 4317 972 4403 fers,
1002 4327 1108 4419 temen
1130 4333 1222 4383 com·

975 4452 1026 4522 8⁴}
