2996 4928
563 363 791 428 ..cpy-

132 543 227 607 ravit.
270 540 361 606 Misit
388 545 441 608 hio
472 563 681 631 praeconem,
716 546 788 629 qui,
824 555 859 610 ut
890 546 1110 630 redderentur,
1139 569 1224 614 nun-

132 650 239 714 tiare't.
290 652 410 716 Omnes
443 653 656 716 reddebantur
688 663 826 738 excepta
860 673 922 716 una
950 655 1082 717 camela.
1130 659 1224 721 Hauc

131 769 243 826 autem
264 762 403 847 invenit,
430 761 506 824 dum
535 762 597 825 duo
625 764 684 824 viri
705 783 744 826 ea
765 762 936 846 mulgendo
958 765 1105 846 occupati
1126 777 1222 830 erant.

133 872 311 953 Utrumque
335 870 378 932 ab
407 890 445 933 ea
473 871 625 933 recedere
652 873 747 935 iussit
774 873 879 955 gladio
911 872 1099 936 invadens·
1119 873 1224 952 Quum
1314 875 1316 880 ’

133 977 256 1040 interim
283 980 328 1064 is,
362 980 414 1061 qui
440 999 459 1042 a
486 979 587 1043 latere
613 980 742 1043 sinistro
773 979 899 1080 (opidi)
932 989 1039 1066 esset,
1072 983 1225 1061 crepitum

133 1079 256 1142 ventris
278 1081 455 1165 emisisset,
486 1088 519 1142 et
541 1101 561 1142 a
581 1084 680 1144 latere
707 1080 839 1144 dextero
861 1090 950 1145 stans
972 1083 1126 1145 dixisset:
1155 1082 1243 1177 (311·Ι

135 1185 236 1267 mela,
266 1205 322 1266 per
342 1178 464 1248 Deum!
487 1187 541 1248 tibi
563 1205 624 1249 non
646 1195 713 1268 est3
733 1187 915 1250 Aiharitsus
937 1191 1096 1270 proverbii
1117 1189 1225 1252 verbis

132 1287 303 1374 respondit.
351 1295 388 1355 In
414 1315 485 1357 eum
512 1293 625 1356 dicitur
655 1295 876 1377 proverbium,
904 1296 956 1377 qui
984 1317 1019 1358 re
1047 1305 1225 1377 occupatus

131 1399 204 1460 eius
224 1401 387 1463 meliorem
407 1403 550 1464 notitiam
571 1401 680 1484 habet,
699 1421 795 1483 quam
816 1402 869 1482 qui
890 1420 961 1463 eam
982 1420 1044 1464 non
1065 1405 1224 1466 tractavit.

132 1507 429 1573 Scharaf-Aldinus
459 1511 555 1595 dixit,
588 1512 793 1594 proverbium
819 1510 959 1572 adhiberi
988 1510 1027 1573 dc
1052 1513 1138 1596 viro,
1172 1514 1226 1595 qui

131 1617 315 1699 cognitione
335 1619 497 1700 praeditus
518 1640 586 1682 rem
607 1628 685 1702 agat
714 1629 747 1682 et
773 1638 847 1681 cum
873 1619 976 1682 studio
1003 1629 1037 1682 et
1057 1639 1132 1683 cura
1154 1640 1225 1684 eam

133 1725 358 1807 aggrediatur,
386 1727 455 1788 aliis
484 1735 590 1789 autem
618 1727 783 1789 adhibetur
813 1727 853 1789 de
881 1748 935 1810 re,
968 1746 1050 1811 quae
1077 1735 1223 1810 negatur,

133 1831 211 1894 dum
237 1833 331 1895 testis
354 1834 424 1895 eius
451 1852 606 1916 praesens
634 1843 692 1896 est.
734 1834 835 1898 Modo
858 1834 984 1898 diverso
1012 1853 1064 1897 res
1087 1835 1124 1898 C.
1146 1837 1223 1918 XX,
1266 1843 1268 1853 ’

131 1937 183 2001 95.
204 1948 331 2001 narrata
351 1948 410 2002 est.
433 1940 517 2003 conf.
540 1941 788 2007 Somachschar.
813 1943 906 2004 illum
926 1950 1032 2020 autem
1048 1944 1225 2026 explicandi

133 2045 260 2111 modum
281 2045 588 2112 Scharaf-Altlinus
610 2056 741 2111 secutus
762 2069 830 2112 rem
851 2049 1005 2131 prolixius
1025 2051 1172 2114 narravit.

137 2412 195 2482 18.
245 2405 375 2482 Podex
401 2407 597 2482 thuribulo
624 2406 862 2484 adsuefactus
888 2435 966 2483 non
993 2427 1058 2484 est.

215 2557 382 2621 Proverbii
403 2559 556 2642 originem
577 2559 625 2622 sic
645 2568 783 2622 narrant.
823 2559 1003 2642 Mowijjam
1024 2560 1117 2624 filiam
1138 2559 1225 2624 Ahf-

132 2666 385 2749 seri·regiuam,
413 2665 465 2727 cui
484 2669 593 2750 veliet,
614 2669 763 2749 nupsisse
784 2676 920 2730 narrant.
964 2669 1096 2732 Solebat
1117 2676 1224 2731 autem

133 2774 289 2837 satellites
305 2774 417 2836 Hiram
432 2774 571 2854 mittere,
594 2783 628 2837 ut
647 2774 721 2836 inde
742 2763 1008 2838 formosissimum
1021 2775 1224 2837 adducerent.

133 2883 298 2945 Hatimum
319 2881 613 2945 ben-Ahbd-Allah
634 2883 806 2965 Thajjitam
828 2883 1045 2967 adduxerunt,
1065 2884 1115 2946 c'ui
1134 2885 1224 2966 regi-

132 3009 185 3075 na,
208 2991 295 3053 utin
316 2991 432 3053 lectum
453 2989 657 3073 praecederet,
677 2988 854 3072 imperavit.
883 2993 916 3053 Is
939 2998 1044 3052 autern
1065 2991 1223 3071 proverbii

132 3098 234 3160 verba
266 3097 344 3159 dixit
374 3096 627 3180 significaturus,
669 3116 707 3160 se
735 3117 811 3161 esse
839 3100 979 3161 Arabem
1013 3105 1223 3179 campestrem

135 3204 285 3270 odoribus
305 3225 366 3266 non
388 3204 563 3288 adsuetum.
591 3208 643 3269 Dc
658 3207 729 3267 viro
750 3208 953 3288 proverbium
975 3205 1149 3291 adhibetur,
1172 3207 1224 3288 qui

133 3313 220 3376 molli
246 3313 329 3398 vita,
358 3314 410 3374 oui
438 3313 644 3376 adsuefactus
665 3333 726 3375 non
748 3325 818 3398 est,
849 3317 953 3378 utitur.
976 3315 1222 3380 Samochschar.

410 3441 476 3482 et
535 3452 551 3484 o
639 3437 744 3481 not
780 3450 848 3484 111

321 3481 878 3664 tiissttjfflm}
945 3504 972 3584 a

138 3713 194 3784 19.
243 3706 373 3784 Podex
398 3710 476 3782 eius
502 3709 695 3808 angustior
720 3722 795 3798 est,
822 3735 934 3810 quam
957 3707 1064 3784 illud.

195 3859 396 3923 Mohalirelus
417 3859 514 3921 frater
535 3858 658 3921 Coiaibi
677 3858 777 3920 verba
797 3858 859 3920 ista
880 3859 974 3942 dixit,
1002 3877 1098 3941 quum
1118 3859 1222 3922 liant-

135 3987 259 4033 mamus
280 3965 496 4032 ben-Murrah
516 3967 546 4028 ei
566 3969 754 4050 nuntiasset,
776 3966 905 4028 fratrem
925 3985 1019 4028 suum
1032 3963 1221 4046 Djassaounr

135 4076 346 4139 beu-Mortah
368 4075 526 4139 occidisse
549 4075 720 4140 Colaibum.
761 4075 798 4135 In
819 4072 952 4134 Kamusi
974 4093 1071 4156 opere
1090 4075 1222 4159 iegitur:

135 4187 232 4278 estest·
257 4188 297 4285 oi
323 4223 365 4272 Ο,
392 4185 492 4252 miani
518 4187 624 4268 aaut
639 4188 700 4289 ,roi
723 4181 880 4247 nPodices
901 4181 1001 4250 vestri
1021 4183 1224 4268 augustiores

136 4321 225 4394 sont,
249 4331 341 4394 quam
363 4321 397 4374 ut
415 4311 448 4373 id
469 4310 626 4373 feriatione
