2986 4930
555 309 782 382 „407-

440 529 539 703 033,
574 519 787 719 [rejungi
861 586 917 660 iau

121 767 202 836 187.
256 761 419 849 Cautior,
446 787 558 862 quam
585 785 730 835 corvus.
1047 763 1049 771 ⁴

201 897 343 958 Narrant
366 914 499 959 corvum
526 896 610 977 pullo
639 914 699 958 suo
729 896 866 959 dixisse:
898 898 1004 977 Quum
1034 899 1155 980 sagitta
1182 907 1215 960 te

114 1005 195 1086 petit
215 1005 286 1088 quis
309 1013 486 1086 contorque
507 1013 540 1066 te
562 1011 594 1066 et
614 1003 734 1085 pullum
759 1005 968 1086 respondisse
990 1024 1060 1066 ome
1080 1013 1215 1088 contor-

116 1133 215 1208 queo,
237 1109 409 1197 antequam
428 1119 548 1194 potone
571 1111 665 1175 Conf.
687 1131 777 1195 prov,
796 1113 847 1176 78.

120 1487 199 1557 188.
253 1479 420 1567 Cautior,
447 1505 560 1580 quam
586 1479 710 1579 lupus.

199 1617 327 1696 Lupum
366 1612 475 1676 dicunt
518 1633 580 1675 uno
616 1621 736 1675 tantum
774 1615 867 1677 oculo
902 1616 1023 1678 clauso
1068 1614 1214 1676 dormire.

118 1723 212 1784 Hunc
238 1721 303 1803 lupi
330 1720 459 1804 modum
485 1719 642 1784 Humidus
663 1719 864 1783 ben-'l'saur
890 1721 922 1785 iu
946 1721 1010 1786 hoc
1036 1740 1136 1784 versu
1153 1722 1214 1785 dc·

118 1830 259 1912 scripsit:

115 2164 263 2245 „Pupilla
288 2182 351 2225 una
373 2162 505 2247 dormit,
535 2163 635 2226 altera
655 2164 770 2226 hostes
793 2174 904 2244 cavet3
935 2174 986 2228 est
1007 2166 1103 2248 igitur
1123 2166 1214 2250 vigi-

154 2275 225 2334 lans
247 2279 280 2333 et
302 2270 395 2333 simul
415 2270 604 2333 dormiensnc
973 2360 978 2371 .

196 2379 324 2441 Versus
351 2385 485 2439 metrum
515 2377 639 2439 'l'hawil
667 2380 859 2460 appellatum
889 2387 950 2442 est.
980 2381 1061 2442 cous.
1084 2381 1149 2442 libr.
1172 2399 1213 2442 rn.

114 2510 144 2569 p.
170 2486 238 2550 ror.

426 2606 552 2791 441ss
587 2583 807 2784 &jafi
875 2649 926 2727 tat

118 2835 201 2906 189.
251 2828 418 2917 Cautior,
445 2853 558 2928 quam
583 2827 905 2902 struthiocamelus
930 2851 1021 2902 mas.

199 2952 503 3046 struthiocamelum
538 2999 658 3045 marem
692 2982 764 3044 ovis
797 2981 1016 3067 incubantem,
1051 2983 1214 3045 venatoris

114 3091 246 3155 odorem
268 3111 287 3152 e
308 3090 413 3172 spatio
435 3098 542 3175 tanto,
571 3098 691 3171 quante
712 3089 834 3172 sagitta
855 3089 964 3170 proiici
984 3097 1092 3171 potest
1114 3089 1214 3188 (11.1..)

112 3215 343 3298 percipientem
363 3233 482 3278 cavere
502 3225 642 3298 narrant,
665 3224 857 3298 quapropter
878 3225 974 3298 poeta
995 3214 1126 3280 cecinit:

375 3349 458 3460 1..
482 3341 668 3486 ...1,
694 3349 781 3457 oo
805 3353 849 3484 ε,
874 3335 960 3459 jn

112 3551 246 3632 ”Magis
275 3549 427 3634 odorans,
459 3567 552 3630 quam
578 3550 856 3614 struthiocamelus
878 3570 949 3613 mas
970 3558 1003 3611 et
1024 3549 1129 3631 magis
1151 3548 1213 3610 du-

158 3675 236 3718 cens
258 3675 354 3738 quarn
372 3659 543 3720 cameluse

112 3767 241 3828 Versus
263 3773 398 3828 metrum
420 3764 542 3846 Redjes
563 3765 755 3846 appellatum
777 3776 837 3832 est.
869 3768 961 3830 Coni.
984 3767 1003 3826 1.
1027 3784 1068 3826 m.
1089 3784 1119 3845 p.
1141 3763 1212 3826 231.

115 4139 199 4209 190.
252 4131 431 4221 (111Ιί11101,
457 4157 569 4234 quum
596 4158 748 4234 prunae.

198 4262 234 4321 ln
256 4259 368 4324 codice
391 4259 495 4343 bugd.
512 4265 596 4359 ,oi
617 4260 741 4342 legitur.
