3014 4936
717 329 943 398 ..273-

284 523 319 594 3.
370 515 498 591 Fluxit
532 511 638 592 vallis
670 513 810 590 fluvius
844 529 882 588 et
914 510 1058 588 rivulos
1090 511 1193 588 horti
1218 513 1389 616 operuit.

365 669 534 734 Vocabulo
554 677 624 773 &13
644 669 737 732 loeus
757 669 812 730 vel
833 666 955 730 uenalis
975 666 1185 750 significatur,
1207 685 1266 748 per
1288 683 1390 748 quom

283 813 401 878 aquam
420 794 453 857 in
473 792 598 857 bortum
619 787 754 855 duoitur.
783 790 982 874 Praepositio
1004 792 1077 896 “Aa
1097 790 1208 854 sensui
1228 789 1390 872 tribuitur,

285 930 319 984 ut
340 922 383 984 sit
402 940 461 1004 pro
486 915 581 988 attat
604 919 696 1020 &1⁸³⁸
721 925 776 1010 ,ho
800 922 863 1022 Uti
890 917 1105 1001 »Supervenit
1125 917 1227 980 canali
1248 935 1392 998 eumque

284 1045 449 1129 perdidit«
478 1030 537 1108 Sio
558 1039 638 1107 dixit
657 1043 848 1107 Meidunius.
876 1041 958 1104 Mihi
977 1041 1172 1124 praepositio
1193 1039 1301 1124 potius
1323 1038 1392 1102 ad-

284 1153 384 1216 hibite
404 1150 530 1216 videtur
549 1161 680 1236 proptor
694 1149 826 1235 tegendi
846 1152 1124 1234 significationem,
1146 1167 1218 1233 que
1238 1149 1316 1212 vooi
1338 1148 1392 1252 Ft,

285 1279 378 1341 inest.
419 1277 542 1342 Malum
563 1275 605 1341 ad
631 1287 809 1342 extremum
829 1275 1018 1360 pervenisse
1041 1284 1075 1338 et
1096 1275 1178 1340 fines
1199 1285 1394 1359 transgres-

285 1403 357 1448 sum
379 1403 465 1466 osse,
486 1383 689 1467 proverbium
709 1383 879 1466 signifieat.
916 1383 963 1446 At
984 1381 1276 1480 Semaohsoharius
1298 1381 1394 1464 dixit,

286 1495 487 1578 proverbium
507 1492 701 1578 significare,
722 1494 826 1556 virum
847 1492 1067 1556 adversarium
1090 1509 1184 1554 sunm
1205 1491 1339 1555 vicisse.

475 1615 706 1803 2³13&
732 1637 919 1804 tud
952 1625 998 1759 ἑ]
1033 1605 1125 1812 tii
1194 1671 1223 1758 t

290 1860 326 1935 4.
377 1835 537 1934 Τιέιὶὶίῑό
577 1863 609 1934 ei
649 1859 796 1949 funem,
847 1857 1029 1963 quamdiu
1069 1857 1168 1934 trahi
1208 1886 1248 1934 se
1283 1858 1397 1934 vobis

380 1986 533 2086 patitur.

375 2109 544 2173 Vocabulo
556 2109 661 2218 fib>
686 2112 808 2198 nsunis,
838 2113 891 2195 qui
917 2115 1032 2175 annulo
1059 2133 1118 2197 per
1144 2112 1261 2184 oamdi,
1278 2129 1396 2175 nasum

293 2235 427 2299 traiecto
448 2240 596 2323 alligatus
618 2247 680 2320 est,
703 2246 737 2300 et
758 2236 848 2299 ouius
871 2256 932 2319 opo
953 2236 1096 2303 duoitura
1118 2238 1312 2324 significatio
1335 2247 1397 2300 est.

294 2345 441 2434 Efficite,
470 2356 505 2410 ut
526 2366 588 2410 vos
609 2355 778 2433 sequatur,
807 2344 956 2430 quamdiu
976 2347 1071 2411 vobis
1095 2348 1141 2412 roi
1163 2355 1310 2431 potestas
1334 2356 1397 2410 est.

294 2451 340 2516 Ut
361 2454 498 2516 salutem
519 2472 711 2536 quaeramus
734 2463 766 2517 ot
785 2454 963 2519 hominibus
983 2453 1200 2538 blandiamur,
1225 2455 1398 2537 proverbi-

295 2579 349 2622 um
375 2559 525 2624 hortatur.
551 2562 728 2624 Auctorem
757 2579 833 2624 esse
857 2561 1065 2624 Ahmmarum
1092 2560 1278 2646 ben-Jasir,
1301 2561 1399 2624 Abu·

298 2668 462 2732 0hbaidus
483 2671 596 2732 retulit.
639 2667 684 2731 At
704 2686 786 2731 voro
809 2668 1100 2734 Samaohsoharius
1121 2669 1299 2753 adnotavit,
1324 2669 1399 2731 Ah-

295 2779 370 2840 lium
391 2775 474 2839 haee
501 2777 602 2839 verba
622 2777 653 2838 in
674 2775 882 2840 Ahmmarum
904 2775 1034 2838 dixisse.
1077 2775 1231 2841 Adhiberi
1258 2778 1289 2840 in
1315 2795 1400 2840 oau-

297 2885 385 2946 tiono
406 2891 439 2945 et
459 2883 491 2945 in
511 2885 617 2966 rebus,
640 2902 723 2965 quae
743 2883 838 2946 saluti
858 2883 949 2946 nobis
976 2883 1048 2947 sint.

532 3007 1084 3211 aaron&
1155 3092 1176 3148 ο

301 3255 337 3323 5.
387 3247 505 3324 Nimis
530 3277 649 3355 parva
674 3265 729 3327 est
755 3249 880 3354 puella
903 3251 1114 3343 immatura,
1139 3278 1257 3356 quam
1282 3267 1327 3326 ut
1351 3250 1401 3324 fl-

387 3371 480 3448 lium
505 3373 654 3452 babeat.

384 3500 471 3562 Vooi
496 3507 578 3588 δᾳ,
607 3504 658 3566 eui
679 3503 856 3566 contrariae
878 3499 1133 3585 significationes
1161 3511 1254 3589 sunt,
1284 3502 1348 3566 hoo
1369 3505 1401 3565 in

302 3626 471 3707 proverbio
500 3647 651 3710 parvus
684 3629 762 3691 fuit
795 3627 988 3710 significatio
1017 3629 1169 3691 tribuitur.
1218 3628 1401 3711 Significat,

302 3733 463 3797 hominem
484 3743 560 3797 ante
581 3743 706 3819 tempus
728 3735 924 3798 conveniens
944 3754 980 3797 re
1002 3745 1191 3819 occupatum
1213 3753 1298 3798 osso.
1335 3738 1402 3800 Sa-

304 3842 544 3908 maehsoharius
580 3845 674 3908 alium
708 3842 867 3926 proverbii
904 3842 1034 3926 legendi
1072 3845 1201 3910 modum
1237 3843 1404 3906 adnotavit

304 3951 405 4047 tha-Ji
431 3981 486 4054 ωε
509 3951 649 4052 &¹4²¹
680 3951 786 4036 mul-3·
816 3950 941 4014 »Nimis
966 3969 1070 4032 parva
1098 3961 1151 4015 est
1178 3952 1302 4015 oamela
1327 3959 1404 4013 ‘anto

304 4084 430 4158 tompus
458 4078 653 4162 oonoipiens,
679 4095 774 4161 quam
796 4088 832 4142 ut
857 4097 918 4142 vas
947 4097 1100 4161 magnum
1131 4075 1215 4141 laeto
1243 4077 1403 4159 impleat«

306 4181 449 4248 Causam
468 4185 552 4249 hano
572 4186 676 4250 fuisso
701 4196 838 4255 narrant.
858 4209 864 4216 ·
881 4187 1014 4251 Camala
1041 4186 1195 4270 iuvenca,
1225 4203 1310 4269 quae
1330 4192 1405 4247 ante

306 4298 433 4374 tompus
454 4299 665 4388 conceperat,
690 4294 824 4380 primum
845 4293 978 4360 mmm
998 4295 1092 4361 laetis
1113 4293 1234 4376 omisit,
1262 4291 1323 4357 sed
1344 4311 1405 4357 an-
