3044 4938
692 305 920 372 -222-

343 403 362 437 0

319 491 487 554 Hominem
507 509 587 574 rem,
607 504 702 572 wem
723 488 857 576 videret,
877 491 1044 571 reliquisse
1056 501 1090 552 et
1108 502 1223 573 postea
1244 496 1347 555 resti·

257 599 311 680 gia
339 598 407 659 eius
436 605 579 658 secutum
609 613 700 678 esse,
729 593 811 658 dicit.
853 598 989 659 Melicos
1015 599 1222 662 ben-Ahmru
1243 601 1350 663 Alab-

257 706 331 769 mcli
362 705 449 786 (aliis
479 705 644 786 Albahcli)
671 705 754 767 haec
787 705 888 767 verba
923 705 1044 768 dixisse
1078 717 1231 771 narratur.
1274 709 1349 770 Rex

257 812 1349 899 quidamGhassanidarum,perlidramgentisAhmilahvindicaturus,

256 922 409 984 Melicum
431 922 562 1002 eiusque
588 921 718 990 fratrem
740 922 903 992 Simacum
923 923 955 984 in
976 941 1137 986 carcerem
1160 927 1348 992 coniecerat.

255 1030 371 1110 Aliquo
393 1037 534 1109 tempore
554 1036 627 1109 post
648 1036 812 1111 utrumque
833 1029 961 1090 fratrem
983 1029 1162 1114 advocans,
1196 1050 1291 1112 quum
1311 1051 1350 1093 se

256 1157 351 1201 unum
372 1157 481 1199 corum
502 1137 680 1198 occisurum
702 1155 789 1219 esse,
812 1133 961 1220 dixisset,
988 1139 1123 1220 quisque
1143 1159 1180 1202 se
1201 1158 1258 1222 pro
1279 1141 1348 1203 fra-

257 1254 305 1307 tre
332 1246 462 1306 libenter
488 1253 622 1307 mortem
652 1245 826 1306 subiturum
848 1263 937 1327 esse,
968 1245 1152 1308 declaravit.
1187 1247 1347 1332 Simacus,

256 1372 349 1436 quem
378 1354 419 1415 ad
446 1362 580 1416 mortem
600 1374 659 1415 rex
680 1353 908 1440 destinaverat,
937 1355 1018 1416 iuter
1038 1355 1147 1435 plures'
1165 1364 1239 1418 ante
1260 1377 1348 1419 mor-

254 1471 319 1526 tem
340 1462 424 1523 hunc
445 1479 719 1543 quoquoversum
740 1461 856 1522 cecinit

327 1590 748 1730 mammo
850 1578 1271 1730 &eudemi

255 1772 359 1850 eluro,
382 1770 411 1831 si
430 1768 582 1830 Melicum
604 1751 809 1850 occidissent,
817 1788 870 1831 me
884 1769 923 1831 iis
945 1777 1125 1850 serpentem
1146 1767 1348 1832 insidiantem

294 1873 430 1938 futurum
449 1876 551 1938 fuisse
561 1873 620 1955 ¹).a

335 1983 473 2046 Melicas
492 2003 511 2045 a
532 2000 611 2067 rege
633 2003 652 2044 e
673 2001 803 2046 carcere
824 1983 973 2048 dimissus
989 1987 1107 2067 aliquot
1124 1996 1250 2068 tempus
1265 1986 1349 2068 apud

252 2093 332 2156 suos
342 2092 538 2174 tranquillam
552 2093 652 2155 vitam
667 2091 818 2176 degebat,
827 2089 1048 2169 doncomater,
1063 2111 1143 2175 quae
1153 2091 1202 2154 die
1211 2094 1348 2177 quodam

252 2218 384 2264 versum
410 2200 496 2264 illum
524 2201 662 2280 equitem
688 2199 873 2261 recitantem
895 2198 1087 2286 audivisset,
1109 2197 1225 2262 Malico
1254 2200 1346 2262 dixit:

253 2304 381 2393 „strigo
400 2309 443 2372 ad
464 2308 638 2372 vindictam
660 2307 844 2370 sumendam
864 2318 921 2388 pro
942 2308 1040 2370 fratre
1063 2301 1205 2370 occisolo
1229 2308 1348 2370 Verbis

252 2417 403 2482 obediens
425 2419 563 2481 Malicus
589 2417 696 2480 fratris
723 2416 900 2478 occisorem
920 2416 1044 2477 nonnisi
1065 2437 1164 2498 parvo
1186 2418 1347 2479 sociorum

251 2533 382 2590 numero
405 2524 631 2588 circumdatum
652 2525 786 2607 invenit,
807 2531 843 2584 ut
863 2507 957 2585 facile
978 2524 1135 2586 voluntati
1155 2525 1347 2591 satisfacere

251 2644 371 2718 posset.
415 2633 629 2715 Quapropter,
657 2639 692 2694 ut
713 2631 891 2693 occisorem
911 2632 1089 2714 liberarent,
1112 2650 1205 2714 quum
1226 2632 1347 2694 Malico

251 2751 379 2806 centum
402 2741 542 2804 camelos
565 2739 728 2822 offerrent,
750 2739 803 2800 hic
823 2757 891 2802 rom
912 2749 1066 2802 recusans
1088 2739 1182 2801 dixit:
1203 2737 1297 2828 &lbi
1325 2741 1349 2806 lt

251 2847 321 2972 ,fe
345 2885 410 2951 044
437 2870 485 2966 lpl
514 2865 609 2928 »Non
631 2884 748 2947 sequar
768 2866 944 2946 vestigium
964 2865 1010 2926 rei
1030 2873 1104 2945 post
1124 2883 1192 2927 rem
1213 2865 1345 2947 ipsam«

253 2993 347 3058 Cous.
371 2992 408 3056 C.
430 2991 589 3073 XXVIII,
614 2991 683 3054 121.
724 2989 820 3052 llarir
840 3009 871 3072 p.
891 2993 941 3078 tt,
970 2999 1035 3060 rm,

252 3356 312 3427 ts.
362 3347 482 3424 Gustu
508 3339 545 3423 εἰ
569 3347 696 3422 cibum
720 3353 860 3423 sumes!

259 3490 262 3499 ’
288 3495 303 3513 “’
336 3489 428 3568 Conf.
450 3489 565 3582 lupen
586 3491 692 3582 Λαίς.
713 3491 746 3580 l,
776 3489 826 3562 sl.
870 3489 993 3584 (lusto,
1023 3507 1058 3561 ot
1086 3492 1147 3562 eibi
1170 3510 1285 3583 gustus
1306 3499 1347 3562 au

253 3614 408 3678 edendum
436 3619 470 3674 te
498 3611 620 3674 invitet.
662 3607 870 3670 Proverbium
898 3606 939 3668 ad
965 3609 1084 3671 initium
1110 3609 1142 3669 ib
1161 3619 1198 3670 re
1219 3611 1346 3672 lacien-

254 3721 330 3787 dum
347 3723 473 3808 mortae
502 3717 571 3780 flori
593 3717 676 3777 enim
698 3717 781 3777 solet
802 3723 838 3776 ut
848 3715 920 3776 cibo
934 3723 1064 3797 gustato
1084 3717 1144 3778 eibi
1157 3715 1346 3778 desiderium

255 3832 378 3893 oriatur.
402 3827 485 3891 conf.
508 3822 753 3888 Semachschar.
850 3849 851 3853 ¹

613 3968 1090 4152 ailwardi·

274 4273 302 4326 1)
320 4271 437 4318 Metram
455 4275 550 4316 versus
568 4265 756 4321 blotalrarib
773 4266 937 4330 appellatum
955 4271 1006 4317 'est
1024 4267 1096 4318 cont.
1113 4265 1220 4318 littero.
1238 4283 1262 4329 p.
1280 4255 1344 4315 bol.
