2986 4930
558 361 783 424 ..4290

444 576 459 602 ο
492 569 506 600 2
571 572 588 602 0
607 580 626 602 e
640 576 659 602 a
673 581 692 602 e
759 571 825 605 asse

437 602 520 729 ic*
554 631 697 728 ω)
734 614 835 751 flii?
907 623 932 700 1

128 776 184 842 10.
237 765 395 869 Stupida
419 765 540 838 lenam
567 769 721 839 invenit.

207 896 342 978 Legitur
371 914 498 979 quoque
525 898 610 962 m
636 905 801 984 Μὴ),-
822 893 907 977 quod
934 894 1019 957 idem
1047 893 1216 977 significet.

124 1021 333 1083 Proverbium
354 1020 385 1082 in
407 1038 478 1083 eum
499 1020 642 1102 quadrat,
668 1021 720 1102 qui
741 1035 830 1104 opes,
854 996 933 1100 quas
954 1020 1085 1103 invenit,
1105 1019 1213 1101 perdit.

126 1128 338 1210 Comperutur
359 1147 433 1191 cum
452 1130 569 1193 femina
595 1128 739 1210 stupide,
769 1147 850 1210 quae
875 1130 985 1212 laneo,
1007 1146 1101 1212 quem
1122 1129 1213 1190 inve·

125 1237 172 1298 nit
192 1255 286 1299 usum
305 1237 417 1299 nescit.
453 1236 547 1299 Conf.
566 1254 655 1317 prov.
679 1235 748 1298 115.

450 1355 601 1538 ffijt‘i
627 1356 684 1506 tj
711 1346 841 1502 &0AE
914 1399 934 1477 n

130 1587 195 1650 11..
237 1560 338 1680 δέρε
363 1594 401 1651 et
425 1605 472 1651 ne
498 1578 685 1681 disperge!

209 1705 321 1767 Verba
353 1705 435 1768 hece
461 1705 598 1790 Doghee
628 1705 858 1768 adscribuntur.
914 1705 1008 1768 Cnnf.
1041 1707 1108 1790 Vl,
1147 1704 1216 1768 163.

129 1811 235 1890 Quum
268 1813 385 1877 femine
411 1814 474 1876 iste
503 1813 544 1874 ad
570 1822 699 1898 gentem
726 1811 1004 1876 Banu-l’Ahnbar
1029 1813 1218 1877 matrimonii

127 1939 228 1984 ceusu
250 1921 433 2004 duceretur,
462 1930 564 1984 mater
591 1923 621 1983 ei
649 1920 740 1984 dixit:
767 1922 852 1984 Fieri
872 1930 994 2002 potest,
1028 1929 1064 1983 ut
1091 1921 1131 1982 ad
1158 1941 1218 1984 nos

127 2029 289 2092 visitatum
310 2029 425 2093 redeas
448 2028 527 2092 duos
547 2049 664 2111 pueros
684 2030 768 2092 ulnis
789 2031 996 2110 amplectens.
1042 2031 1218 2112 Postquam

127 2135 223 2217 igitur
241 2154 337 2198 unum
358 2153 489 2216 puerum
510 2137 605 2197 enixe
629 2145 713 2220 eret,
735 2137 862 2198 veniam
883 2139 1012 2219 rogavit
1032 2137 1073 2199 ed
1087 2149 1217 2222 gentem

127 2261 218 2305 suem
239 2242 469 2325 proficiscendi.
511 2246 616 2307 Venia
637 2245 728 2327 dete,
758 2264 853 2326 quum
873 2265 935 2307 nnn
956 2248 1087 2307 multum
1112 2265 1132 2308 e
1159 2263 1218 2307 sua

127 2358 225 2432 gente
245 2350 387 2433 abesset,
408 2352 506 2413 filium
527 2371 622 2414 suum
642 2353 673 2412 in
687 2351 766 2412 dues
786 2358 894 2431 pertes
916 2351 1072 2413 dissecuit
1093 2360 1126 2413 et
1145 2370 1219 2413 me-

129 2461 183 2541 tri,
221 2478 304 2542 quae
333 2458 373 2522 de
402 2459 464 2522 filie
493 2462 595 2542 ipsam
630 2461 882 2542 interrogasset,
919 2460 1016 2522 filium
1045 2459 1218 2523 ostendens

128 2569 230 2630 verba
249 2569 313 2630 iste
334 2567 421 2629 dixit.
462 2568 655 2648 Proverbie,
678 2567 728 2629 cui
749 2574 883 2628 metrum
904 2565 1026 2648 Rcdjes
1049 2575 1100 2628 est
1120 2568 1218 2643 (conf.

130 2677 148 2737 i.
170 2696 211 2737 m.
232 2695 263 2756 p.
284 2674 379 2759 232),
401 2675 432 2736 in
454 2674 593 2737 celandis
615 2675 660 2734 rei
680 2673 767 2734 vitiis
791 2661 929 2734 utuntur.

480 2839 567 2912 m
604 2782 683 2911 isti
717 2783 819 2956 ii}
891 2833 918 2913 t

133 3023 188 3094 tt.
213 3015 371 3120 Stupidu
394 3015 581 3092 solertiam
606 3019 643 3090 in
669 3044 710 3090 re
735 3013 932 3090 tractanda
956 3015 1106 3090 habens.

211 3145 436 3231 Proverbium‚
472 3147 522 3208 cui
558 3153 694 3208 metrum
721 3143 844 3226 Redjes
876 3155 928 3208 est
959 3143 1058 3220 (conf.
1086 3144 1105 3205 1.
1127 3163 1167 3204 m.
1189 3163 1220 3224 p.
1297 3143 1303 3164 ³

130 3253 223 3344 232),
245 3256 276 3316 in
298 3274 370 3316 eum
392 3256 522 3338 dicitnr,
546 3257 613 3337 qui,
644 3253 835 3337 quemquem
862 3255 908 3316 rei
937 3255 1061 3316 omnino
1090 3254 1220 3336 igrrerus

131 3373 197 3445 est,
220 3370 326 3424 tamen
346 3364 391 3426 rei
412 3365 553 3427 notitiem
575 3364 633 3425 ribi
655 3371 792 3446 arrogat.
837 3361 930 3424 Cunf.
953 3361 1069 3442 Djeuh.

508 3473 552 3521 5,
567 3478 610 3522 §a
678 3489 746 3522 μοι

511 3522 616 3639 trist
654 3525 755 3663 zie?
827 3542 865 3620 ii‘

135 3685 189 3753 13.
240 3680 399 3784 Stupida
423 3679 583 3754 multum
608 3679 698 3756 ulios
725 3683 950 3781 vituperans.

212 3809 249 3869 In
270 3808 374 3870 virum
390 3807 567 3891 stupidum,
591 3809 645 3891 qui
659 3808 737 3872 elios
749 3793 880 3869 multum
895 3807 1073 3888 vituperet,
1096 3802 1221 3864 dicitur.

445 3953 465 3973 a
492 3953 512 3974 e
569 3954 587 3974 a
622 3953 641 3975 a
712 3953 730 3973 a
786 3927 831 3974 οἱ

412 3944 515 4116 je}
555 3973 660 4097 nt„
699 3943 831 4117 cssr
905 3983 941 4070 e

135 4176 191 4249 14.
240 4177 350 4266 Vitia,
377 4202 475 4279 quae
499 4174 625 4262 habet,
652 4177 685 4247 ei
709 4174 849 4262 indica,
876 4189 919 4246 ut
943 4171 1109 4245 ertrbeat.

214 4303 249 4364 ln
270 4303 433 4367 mulierem
454 4302 609 4367 audacem
630 4302 749 4365 dicitnr.
