2970 4946
704 291 928 360 „aab

274 489 331 544 aut
350 479 519 562 njrmtrm
544 488 601 542 aut
628 477 817 560 Djomaieah
845 477 1014 540 enunciare
1040 475 1123 540 lieet.
1165 475 1282 557 Equus
1310 475 1378 536 hoo

272 587 399 650 nomine
425 586 602 670 appellatus
631 565 1084 665 Sabaithanodenssdiodlidj
1114 581 1378 664 Djosehamitae,

273 696 327 757 uni
360 715 380 758 a
413 703 510 778 gente
544 696 768 758 Banu-lusan
808 701 887 756 erat.
938 689 1030 756 Gens
1065 689 1377 770 Banu-Djosahem

196 795 199 804 ’
273 802 568 886 ben-Moahwijjah
590 804 709 884 aliquot
732 801 798 865 dies
819 810 893 866 ante
911 821 1055 864 mensem
1077 799 1202 881 Redjeb
1223 801 1256 862 in
1278 820 1377 864 nam-

272 931 347 994 pum
381 911 608 995 descenderat,
642 911 791 992 pabutum
826 919 862 992 ut
897 919 1072 992 quaereret.
1121 911 1189 972 Isto
1226 917 1378 990 tempore

273 1039 374 1102 equus
401 1019 454 1081 ille
482 1019 663 1082 nominatus
695 1018 880 1103 aufugerat,
909 1026 941 1080 et
969 1016 1114 1079 dominus
1141 1017 1210 1078 eius
1233 1015 1377 1078 eundem

272 1147 330 1211 per
351 1135 453 1189 totum
475 1125 558 1188 diem
580 1143 718 1207 pascere
738 1126 870 1188 siverat.
910 1123 1041 1186 Acessdit
1061 1132 1181 1207 autem,
1204 1132 1250 1208 ut,
1273 1142 1378 1205 quum

272 1254 356 1317 gene
375 1231 581 1298 Banu-Asad
608 1239 641 1294 et
666 1229 946 1313 Banu-Deobjan,
976 1229 1029 1311 qui
1054 1228 1240 1311 praedatum
1266 1230 1378 1291 exiis-

273 1350 365 1424 sent,
394 1341 467 1424 equi
487 1339 640 1424 vestigiis
662 1357 743 1420 quae
766 1338 926 1422 viderent,
954 1332 1040 1399 dunti
1061 1337 1245 1417 ingentem
1267 1335 1379 1417 impe-

274 1457 340 1512 tum
361 1450 512 1512 sanarent.
554 1447 634 1510 Dies
660 1446 711 1510 ilie
735 1429 845 1509 caedis
873 1447 980 1547 Utere
1007 1476 1073 1537 ,Ἦ
1102 1443 1201 1505 „Dies
1229 1441 1377 1523 Bosjana

274 1561 456 1658 adpellatur.

682 1709 723 1741 aa
774 1712 791 1742 ο
855 1693 944 1741 aeva

577 1766 729 1860 „aaa
770 1739 947 1900 What
1020 1747 1075 1836 rr

277 1944 359 2022 194.
411 1941 617 2016 infaustius·
643 1969 757 2042 quam
782 1937 998 2013 Mnnschim.

364 2067 429 2130 Alii
458 2066 582 2129 dieunt:
612 2075 728 2153 Aa·
744 2064 815 2164 ,im
841 2100 885 2151 (5.
910 2067 995 2138 ,etti
1033 2062 1247 2148 »Infanstiom
1277 2085 1376 2148 quam

272 2199 381 2256 aroma
400 2191 621 2256 mensorum«.
664 2192 766 2255 Multa
786 2198 892 2252 autem
913 2198 964 2252 est
983 2189 1188 2272 interpretum
1210 2192 1375 2258 dissensio

273 2300 313 2363 de
335 2301 460 2363 nomine
479 2309 546 2364 tum
567 2299 735 2364 scribendo
762 2307 794 2361 et
820 2299 1027 2382 enuntiando,
1050 2309 1117 2363 turn
1137 2300 1312 2364 derivando
1341 2313 1376 2366 et

273 2408 472 2491 explicando.
514 2409 671 2473 scribitur
708 2419 762 2472 aut
794 2415 930 2493 state,
955 2408 1040 2491 quod
1062 2409 1295 2474 Mansehim
1316 2423 1375 2475 aut

272 2535 508 2599 Mansnham
539 2535 739 2620 enuntiatur,
774 2543 830 2598 aut
857 2540 958 2610 ,atta
985 2535 1233 2599 Maseh-am.
1276 2537 1374 2601 Abu-

272 2660 433 2724 Ahmruus
459 2659 627 2726 ben-Abla
652 2659 749 2742 dixit,
779 2661 972 2724 vocabulum
1003 2665 1144 2726 malum
1177 2663 1376 2746 significare.

272 2768 338 2830 Alii
353 2777 461 2831 autem
482 2767 600 2851 dieunt,
613 2786 679 2830 rem
701 2787 777 2830 esse
792 2768 823 2830 iu
844 2769 943 2852 spinis
956 2771 1107 2836 aromatis
1129 2780 1145 2860 (
1155 2771 1238 2866 ,init
1264 2779 1374 2869 μ.)

272 2892 312 2954 ab
339 2901 514 2955 aromatum
534 2892 645 2973 peritis
671 2891 785 2977 W!
810 2901 896 2996 ffld
916 2911 1063 2958 cornua
1084 2897 1228 2977 spicae
1256 2901 1373 2981 appel·

272 3017 378 3080 iatam
419 3021 514 3082 Hane
534 3027 640 3082 autem
660 3036 726 3080 rem
748 3035 824 3080 ease
850 3036 1010 3083 venenum
1039 3023 1148 3085 atatim
1174 3043 1295 3087 necans
1323 3043 1373 3089 an.

271 3123 442 3207 Napellum
463 3124 590 3220 (μω).
633 3124 716 3186 Sunt
732 3131 852 3196 autem,
875 3125 928 3207 qui
943 3125 1050 3190 dicant
1071 3137 1187 3214 „w
1209 3150 1284 3208 esse
1306 3153 1372 3195 no-

271 3267 344 3311 men
370 3249 493 3312 fruetus
523 3250 606 3333 nigri
635 3249 764 3334 foetidi,
792 3250 865 3314 dum
895 3252 947 3315 alii
980 3273 1094 3316 nomeu
1125 3257 1266 3320 mulieris
1293 3279 1373 3324 ease

272 3355 477 3420 contendunt.
511 3356 606 3437 Quod
628 3357 763 3440 denique
781 3359 823 3422 ad
844 3360 1072 3427 derivationem
1093 3365 1216 3450 attinet,
1246 3367 1299 3430 alii
1319 3367 1373 3430 di-

272 3473 349 3528 eunt
371 3472 485 3550 fit·
506 3483 583 3528 esse
604 3485 720 3530 nomen
735 3466 830 3531 modo
842 3471 980 3532 omnium
1000 3473 1158 3534 nominum
1173 3475 1374 3556 propriorum

272 3590 459 3675 adhibitum,
474 3591 525 3654 alii
546 3598 637 3693 ,ma
658 3610 733 3655 essa
753 3612 867 3673 nomen
889 3605 922 3658 et
940 3597 1086 3678 verbum,
1101 3606 1253 3681 tanquam
1274 3621 1376 3668 unum

272 3739 387 3785 nomen
407 3720 564 3805 positum,
592 3738 649 3802 pro
671 3728 719 3818 ,at
743 3754 788 3806 υ.
810 3719 881 3801 »qui
901 3720 1029 3784 olfecit«
1052 3721 1177 3786 abiecta
1194 3725 1296 3788 altera
1315 3727 1375 3790 lit-

274 3854 344 3908 tera
370 3877 399 3918 ,a
418 3865 462 3910 ex
481 3863 565 3910 veae
584 3855 673 3930 stt,
694 3844 746 3906 aiii
761 3842 842 3907 duas
854 3860 956 3906 voees
976 3863 1054 3908 esse
1074 3854 1168 3930 „aa
1193 3885 1247 3934 ω
1270 3849 1317 3912 ita
1338 3860 1376 3914 ut

274 3971 430 4034 vocabulo
455 3983 550 4058 stat
577 3970 747 4053 incipiendi
771 3969 976 4057 significatio,
1005 3973 1130 4038 nonnisi
1158 3972 1313 4040 damula
1338 3997 1376 4039 re

274 4095 395 4159 usitata
413 4097 577 4162 tribuatur.
621 4097 683 4180 Qui
701 4109 806 4164 autem
828 4101 928 4175 „etta
944 4100 1103 4185 scribunt,
1124 4101 1273 4165 iinnman
1294 4121 1374 4167 esse

275 4221 385 4284 dieunt
411 4242 433 4287 a
465 4231 545 4315 ,ayt
570 4221 783 4289 derivandum
832 4225 974 4292 Narrant
1006 4227 1243 4294 Menaehimam
1267 4229 1374 4296 tuisse
