2970 4946
722 325 947 392 ..733-

289 509 433 576 homines
454 505 739 572 Ahbd-Almalioo
763 509 1008 572 ben-Marwan
1031 507 1201 572 chalifatus
1220 508 1383 591 principa-

290 625 357 680 tum
379 614 596 709 tradidisseut,
620 616 771 699 impetum
792 615 924 678 fecisse.
965 613 1282 679 Ahbd·Alehsisum
1304 617 1384 680 ben-

288 725 454 808 llerwan,
485 726 575 788 ouius
596 733 697 788 mater
721 723 824 807 Laila,
846 724 909 787 lilia
932 724 1090 788 Alahlrahi
1110 725 1337 811 ben-Sabban,
1365 746 1385 788 e

288 840 388 915 gente
411 830 492 893 Calli
514 829 644 894 oriunda
665 840 773 912 esset,
801 830 952 912 gaudium
972 852 1013 894 ex
1035 850 1075 895 ea
1094 851 1131 894 re
1153 833 1386 914 concipientem

288 940 379 1004 fratri
405 957 464 1002 suo
492 939 626 1020 Bischr,
654 941 748 1003 ouius
776 921 878 1003 mater
904 928 1056 1001 llot'hbah
1083 939 1147 1002 lilia
1166 939 1283 1002 Bisclrr
1303 941 1386 1004 ben·

289 1046 391 1109 llalic
412 1046 629 1128 ben-Djahfar
649 1054 754 1129 esset,
776 1045 910 1128 dixisse,
932 1046 1040 1108 scisne
1062 1044 1136 1128 quid
1156 1047 1307 1108 avunculi
1324 1047 1387 1109 mei

289 1153 458 1218 avrmculis
486 1155 550 1218 tuis
579 1150 738 1216 lecerint‘l
769 1152 938 1216 Bisohrum
965 1135 1199 1236 interrogasse.
1230 1172 1386 1236 quaenam
1468 1143 1470 1152 ’

289 1280 345 1325 res
367 1270 473 1347 esset,
502 1272 536 1325 et
557 1282 651 1345 quum
678 1265 758 1327 alter
784 1281 851 1324 rem
881 1261 1106 1345 exposuisset,
1135 1261 1221 1324 illum
1247 1262 1384 1326 dixisse:

287 1371 375 1434 illam
400 1389 468 1433 rem
490 1370 638 1434 avunculi
657 1371 705 1433 tui
725 1370 880 1452 perficere
901 1389 964 1433 non
986 1370 1166 1432 valuerunt
1196 1369 1409 1434 Advenisse·

289 1485 396 1540 autem
423 1479 550 1559 legatos
574 1477 680 1559 gentis
700 1475 970 1540 Banu-Besarah
990 1475 1030 1540 ad
1052 1475 1384 1561 Ahbd-Almalicum,

291 1586 345 1670 qui
365 1594 539 1671 narrarent,
555 1585 745 1648 lloraitsum
765 1583 983 1666 ben-Badjdal
1002 1585 1159 1648 Calbitam
1181 1587 1220 1648 iis
1240 1587 1383 1650 nuntium

288 1694 485 1794 principatus
512 1692 790 1756 Ahbd·Almalici
818 1691 974 1755 adtulisse
1003 1700 1036 1754 ot
1064 1711 1160 1774 quum
1188 1710 1226 1754 se
1254 1693 1385 1775 imperio

290 1803 505 1865 subiecissent
528 1809 560 1863 et
580 1801 687 1864 securi
706 1801 862 1884 fuissent,
891 1799 1035 1863 Calbitae
1056 1800 1207 1881 impetum
1226 1801 1385 1863 facientes

290 1913 399 1992 plures
418 1929 513 1993 quarn
529 1910 756 1993 quinquaginta
769 1911 860 1972 viros
883 1908 1050 1973 occidisse.
1078 1907 1386 1972 Ahbd-Almalicum
1469 1915 1470 1974 ἶ

289 2037 326 2080 re
347 2016 467 2100 audita,
480 2015 643 2079 dimidium
662 2017 767 2099 pretii,
789 2015 875 2098 quod
895 2036 953 2099 pro
965 2013 1067 2078 caede
1081 2015 1270 2078 solvendum
1284 2026 1384 2103 esset,

289 2123 399 2186 statim
419 2121 498 2204 ipsis
519 2120 665 2202 dedisse;
687 2141 770 2184 anno
788 2131 894 2186 autem
911 2131 1066 2204 aeqrrente
1078 2123 1211 2187 alterum
1225 2123 1387 2189 dimidium

288 2231 387 2294 sciis
409 2229 553 2293 daturum
576 2246 666 2313 esse,
688 2229 887 2310 promisisse.
931 2230 1037 2310 Quum
1060 2231 1103 2292 illi
1124 2233 1298 2317 exiissent,
1326 2235 1387 2297 Bi-

288 2338 421 2402 sohrum
442 2339 681 2402 ben-Mcrwan
704 2339 787 2402 clam
807 2339 855 2400 eis
876 2341 1046 2420 pecuniam
1067 2339 1211 2425 dedisse,
1239 2350 1278 2402 ut
1297 2359 1385 2404 arma

290 2457 326 2511 et
346 2467 449 2533 equos
471 2456 613 2511 emerent
634 2457 667 2511 ct
687 2449 719 2510 in
741 2456 870 2531 gentem
893 2448 973 2514 Calb
1002 2448 1042 2511 ob
1070 2450 1197 2512 occisos
1218 2450 1385 2514 Penaritas

288 2557 505 2639 irrumperent.
550 2555 714 2619 Cumista
741 2563 839 2637 gente
861 2564 927 2619 tum
949 2555 980 2618 in
1001 2547 1072 2618 loco
1093 2556 1302 2619 Benat-Kain
1324 2576 1385 2639 ap-

288 2663 407 2746 pellato
429 2681 487 2724 eos
509 2662 696 2725 occurrisse.
738 2664 860 2725 Multos
882 2661 1027 2725 Calbitns
1054 2663 1181 2724 occisos
1206 2682 1294 2725 esse.
1338 2664 1388 2727 Re

288 2781 422 2855 peracta
442 2765 609 2834 Bischrum
631 2771 873 2834 ben-Merwan
893 2779 1048 2854 tempore,
1070 2791 1131 2854 quo
1152 2763 1387 2834 ,lhbd-Alah-

291 2881 380 2943 sisus
402 2879 487 2962 apud
499 2869 813 2942 'Ahbd-Almalicum
835 2887 940 2960 esset,
963 2881 1129 2944 intrantem
1149 2879 1387 2942 Ahbd-Alah-
1468 2853 1469 2910 d

289 2988 359 3050 siso
382 2986 517 3051 dixisse:
546 2988 673 3070 scisne,
702 2985 776 3070 quid
803 2987 955 3050 avunculi
975 2989 1037 3050 mei
1059 2989 1225 3050 avunculis
1248 2989 1312 3051 tuis
1336 2989 1386 3050 fe-

290 3089 418 3156 cerint‘l
447 3093 767 3158 Ahbd-Almalicum
798 3102 905 3156 autem
930 3115 965 3156 re
991 3093 1098 3158 audita
1124 3115 1242 3178 magna
1268 3098 1300 3158 in
1330 3113 1387 3157 eos

288 3199 339 3263 ira
361 3201 535 3284 exarsisse,
557 3199 643 3283 quod
664 3202 759 3264 fidem
779 3201 973 3283 violassent,
1001 3209 1040 3263 ct'
1053 3203 1220 3285 pecuniam
1243 3206 1386 3266 sumsis-

291 3315 381 3389 sent,
404 3315 436 3369 et
458 3308 686 3390 Alhadjdjadjo
706 3310 903 3392 imperasse,
924 3317 975 3391 ut,
998 3310 1258 3375 Ebn-Alsobairo
1285 3313 1385 3394 victo,

291 3425 402 3478 contra
430 3423 561 3496 gentem
588 3415 860 3478 Banu-Fesaralr
888 3417 1151 3499 proficisceretur.
1201 3420 1388 3500 Antequam

292 3520 541 3603 Alhadjdjadjus
563 3523 666 3584 iussui
689 3523 901 3606 satisfaceret,
923 3524 1054 3585 venisse
1075 3523 1209 3588 adeum
1229 3525 1388 3589 Helhela-

291 3631 369 3693 hum
389 3627 565 3692 ben-Kais
593 3638 625 3692 et
647 3628 801 3694 Sdihdum
821 3631 1012 3693 ben-Aban
1033 3631 1307 3716 ben-Ohjainah,
1337 3636 1388 3715 qui

291 3739 397 3822 gentis
424 3737 580 3819 principes
607 3746 735 3818 essent,
765 3757 802 3800 se
828 3739 874 3800 rei
901 3746 1050 3800 auctores
1074 3739 1282 3820 confitentes,
1308 3759 1388 3804 cae-

292 3855 382 3911 teros
398 3865 474 3911 esse
487 3847 640 3910 insontes.
661 3849 697 3909 ln
710 3847 840 3910 vincula
853 3847 949 3930 igitur
961 3847 1094 3911 traditos
1107 3848 1147 3911 ad
1155 3849 1387 3914 Ahbd-Alma-

292 3957 386 4022 licum
407 3957 524 4018 missos
547 3973 630 4019 esse.
658 3954 967 4018 Ahbd-Almalicum
986 3974 1042 4018 cos
1063 3956 1227 4020 videntem
1249 3957 1386 4021 dixisse:
1430 4028 1432 4034 ¹

294 4063 386 4126 Laus
407 4063 449 4128 sit
468 4064 556 4146 Deo,
584 4063 636 4145 qui
662 4063 752 4126 nobis
781 4082 800 4128 a
827 4071 859 4124 te
886 4062 1058 4128 vindictam
1091 4065 1279 4130 sumendam
1304 4079 1398 4128 con-·

295 4161 408 4234 cessit!
430 4171 642 4238 Helhelahum
661 4171 885 4255 respondisse:
906 4171 995 4236 Deus
1021 4192 1042 4237 a
1062 4191 1115 4238 me
1132 4172 1306 4238 vindictam
1327 4192 1385 4235 su-

293 4278 441 4346 mendam
466 4301 529 4346 non
556 4283 736 4366 concessit,
767 4281 824 4346 sed
853 4300 916 4368 ego
944 4282 1119 4348 vindictam
1146 4303 1251 4348 meam
1274 4283 1383 4348 sumsi.
