2986 4930
531 355 762 420 ..443-

104 536 161 607 63
212 531 321 609 Solus
347 559 429 612 reru
451 552 553 608 tuam
580 544 661 636 age·
695 535 756 613 hic
792 553 845 609 est
879 535 990 638 lupus
1021 536 1190 613 clunibus

213 636 344 706 macris
373 635 560 738 praeditus.

184 759 339 822 Videntur
367 761 557 870 vocabulum
589 765 661 844 pol
692 761 807 843 duplici
828 763 923 826 medo
945 719 1130 844 enunciare,
1158 733 1191 830 ut

101 884 307 964 imperativus
328 893 384 948 eut
403 862 523 967 primae
543 895 599 948 aut
620 895 749 967 quartae
769 888 890 952 formae
915 888 966 950 sit.
1008 888 1061 950 Ad
1088 887 1192 968 expli-

101 989 235 1053 candam
256 1007 372 1053 vocem
391 991 474 1075 agell
499 993 648 1076 supplent
667 993 764 1062 edel&
790 995 861 1062 tae
908 995 1008 1058 altem
1025 1002 1122 1056 'tuem
1150 993 1191 1056 od

101 1123 133 1174 te
154 1113 350 1176 attrahensac
400 1115 445 1177 Ut
471 1117 651 1178 cautionem
679 1116 709 1177 in
730 1116 825 1178 rebus
846 1117 963 1179 nostris
985 1115 1191 1180 adhibeamus

101 1230 133 1282 et
147 1222 271 1282 nonnisi
284 1222 316 1282 in
331 1222 421 1283 nobis
438 1221 516 1302 ipsis
525 1222 672 1288 fiduciam
680 1241 843 1306 ponamuS,
860 1223 1060 1305 proverbium
1074 1215 1190 1285 monetss

99 1331 212 1410 Lupus
240 1345 346 1392 autem
373 1331 517 1392 clunibus
546 1332 662 1394 macris
691 1330 834 1393 celeriter
861 1330 1059 1393 incedentem
1086 1329 1190 1414 signi-

100 1439 184 1501 ficat.
231 1439 276 1502 Ut
302 1439 356 1501 hic
382 1439 547 1503 cavendus
574 1447 641 1524 est,
673 1441 722 1502 sic
749 1440 839 1504 nobis
868 1441 899 1502 in
918 1440 1012 1503 rebus
1033 1439 1190 1502 nostrisa

99 1548 190 1609 inelis
213 1545 390 1610 cavendnm
412 1556 471 1610 est.

752 1681 793 1712 a>
843 1679 927 1714 no.-
933 1666 977 1805 0⁵

225 1749 387 1851 ΨΜ
423 1731 608 1851 &fid-d)
642 1739 803 1851 6μρ
838 1712 1091 1863 ”stili

99 1916 156 1986 ot.
210 1913 365 1990 Narravi
397 1914 431 1986 ei
461 1938 518 1987 res
545 1937 662 1999 meas,
699 1927 819 1990 erres
843 1938 942 1988 meas
967 1914 1188 1986 necessarias

212 2055 248 2111 et
275 2036 541 2112 sollicitudines
563 2064 673 2113 meus.

180 2172 415 2236 Grammaticus
434 2172 563 2236 Alforra
584 2191 694 2235 omnes
709 2181 775 2235 tres
787 2189 889 2235 voces
903 2171 1008 2234 vocali
1019 2169 1187 2252 Dhammo,

98 2278 405 2361 Abu-l'lljurrehus
436 2281 543 2342 vocali
569 2277 689 2361 Fatha,
721 2279 838 2344 affecit.
878 2277 1189 2342 Abu-l'llaitsumns

97 2400 218 2488 &ſset
245 2407 316 2451 cum
331 2387 436 2450 Fatha
457 2389 596 2468 scripsit.
617 2389 782 2451 Proverbii
802 2405 920 2450 sensus
943 2395 1010 2450 est:
1030 2390 1081 2451 Do
1102 2395 1187 2450 statu

98 2510 169 2551 meo
191 2490 315 2551 omnino
339 2508 409 2551 oum
431 2491 599 2552 certiorem
619 2491 692 2553 feci

261 2695 265 2706 ¹
346 2621 409 2780 ile,
443 2653 481 2747 Lo
517 2623 855 2855 {diffissus
924 2670 966 2751 ‘lo

99 2857 156 2927 65.
185 2854 336 2955 Optima
360 2854 430 2924 viri
456 2878 559 2944 arma
582 2872 682 2942 sunt,
698 2881 783 2956 quae
807 2881 893 2927 eum
918 2853 1187 2927 custodierunt.

180 2982 215 3042 ln
242 2979 326 3042 lilios
352 2979 430 3062 viri,
460 2979 512 3059 qui
541 2981 570 3043 ei
597 2979 780 3062 adjumento
804 2990 878 3044 suut
899 2989 932 3044 et
953 2999 1034 3062 quoe
1056 2980 1086 3044 ei
1107 2998 1187 3062 opus

97 3097 186 3171 sunt,
218 3084 438 3168 suppeditant,
467 3087 664 3152 transfertur.
713 3087 880 3154 Proverbii
914 3087 1022 3154 verbis
1055 3095 1188 3157 metrum

98 3196 192 3257 Sarih
213 3201 272 3256 est.
295 3192 334 3256 C.
356 3193 375 3254 l.
397 3211 438 3254 m.
460 3213 491 3274 p.
508 3193 579 3256 246.

339 3329 443 3362 cm
502 3319 608 3364 οῦ)
666 3342 684 3361 .
751 3326 862 3362 maor

315 3389 438 3463 ω.»
473 3405 608 3463 mea
646 3363 696 3458 tot
734 3346 895 3458 ecel
967 3378 1004 3462 u

98 3565 155 3634 66.
207 3561 457 3651 scarabaeus,
485 3561 638 3665 quando
664 3500 847 3663 tingitur,
873 3561 1032 3638 multum
1056 3565 1185 3640 luctet.

156 3689 379 3771 Proverbium‚
406 3692 464 3756 viri
484 3690 584 3775 turpis
604 3690 793 3757 societatem
814 3700 848 3756 et
867 3692 1118 3758 communionem
1132 3693 1185 3755 fu-

97 3798 244 3882 giendam
265 3818 357 3880 esso,
379 3798 482 3864 dccet.

351 3920 941 4085 ermenias
922 3983 1061 4068 a.

96 4167 152 4238 67
207 4163 309 4268 Cape
340 4165 465 4268 (puni)
499 4166 654 4240 fratrem
686 4184 795 4240 tuum
828 4180 983 4268 propter
1009 4161 1187 4265 liquatam

207 4283 353 4368 partem
376 4265 518 4346 caudae
542 4266 721 4369 podicis
711 4271 835 4370 ipsius
