2986 4930
711 361 936 425 ..423-

278 554 499 637 periIIssimum
513 549 555 612 ad
571 548 748 612 Ahmrunm
762 547 857 628 misit,
874 546 926 625 qui
948 545 1017 604 eius
1030 541 1159 624 effigies
1172 544 1294 625 plnres,
1310 559 1375 602 va·

192 659 194 666 ⁴
278 661 342 723 rios
355 661 444 722 ritae
457 665 561 720 status
577 653 779 737 describens,
802 651 984 714 conficeret.
1027 650 1166 712 Kanirus
1188 649 1376 712 interimab

278 768 424 832 Alunrno
448 785 528 851 rege
556 764 663 847 petiit,
691 771 728 825 ut
755 761 817 843 ipsi
841 778 956 822 nasum
976 765 1176 842 amputaret,
1196 768 1229 820 et
1251 768 1377 840 tergum

278 882 466 958 percuteret
509 871 613 953 Quam
634 889 703 932 rem
724 888 818 952 quum
838 867 1002 930 Ahmruus
1025 865 1135 927 lacere
1155 865 1274 949 nollet,
1305 863 1378 926 Ka-

277 985 364 1048 cirus
386 981 480 1046 dixit:
502 983 558 1056 ,οό
582 978 695 1066 όδίὸ,
720 979 783 1076 Udi
808 994 871 1066 &a
894 981 967 1060 μ,
990 973 1139 1036 „Dimitte
1167 991 1219 1034 me
1246 982 1325 1034 tunc
1346 978 1378 1031 et

279 1089 313 1144 tu
332 1081 490 1162 vituperio
512 1081 590 1143 liber
612 1071 714 1141 erist«
736 1076 839 1158 (quae
860 1076 960 1138 verba
981 1075 1012 1137 in
1033 1075 1236 1156 proverbium
1258 1091 1378 1135 cesse-

277 1186 387 1270 rrmt),
416 1194 449 1247 et
470 1204 583 1248 nasum
602 1203 698 1247 suum
719 1182 916 1263 amputavit,
944 1189 978 1243 et
999 1189 1125 1262 tergum
1146 1199 1239 1246 suum
1260 1181 1378 1241 vulne-

279 1296 371 1357 ravit.
414 1294 541 1377 I'ugam
567 1302 674 1355 autem
701 1292 855 1354 simulans
880 1288 921 1352 ad
943 1289 1086 1354 Sabbam
1106 1289 1256 1369 tetendit,
1287 1293 1379 1348 etse

281 1412 344 1464 tam
365 1399 524 1463 crudelem
545 1419 681 1482 poenam
701 1399 845 1460 Ahmruo
867 1395 1016 1479 dedisse,
1043 1395 1129 1478 quod
1151 1395 1251 1457 occisi
1271 1393 1379 1456 fratris

281 1511 404 1591 culpam
417 1509 448 1570 in
462 1509 566 1589 ipsum
580 1507 781 1591 contulisset,
801 1504 901 1568 linxit.
923 1505 1004 1572 conl,
1016 1503 1054 1568 C.
1065 1505 1198 1583 XXIII,
1215 1503 1284 1565 143.
1298 1503 1379 1564 Post

280 1619 436 1700 KaziruS,
467 1635 562 1698 quum
590 1619 701 1699 regina
722 1615 753 1675 in
775 1633 814 1675 eo
842 1613 993 1695 magnam
1015 1610 1164 1674 fiduciam
1192 1603 1376 1691 collocaret,

278 1726 423 1808 rogavit,
452 1732 486 1786 ut
512 1725 571 1787 sibi
594 1724 625 1784 in
646 1725 771 1784 lraoam
792 1723 852 1783 iter
873 1721 1037 1800 suscipere
1059 1720 1313 1801 permitteretur,
1342 1734 1378 1778 se

279 1811 427 1893 indeed
453 1833 595 1912 reginam
624 1847 720 1911 opes,
750 1845 832 1909 quas
853 1825 1049 1910 possideret,
1075 1845 1198 1907 pannos
1217 1827 1376 1907 pretiosos

280 1939 423 2018 aliasque
443 1957 497 1998 res
519 1936 727 1999 adducturum
749 1954 842 2020 esse,
872 1936 1068 2016 promittens.
1109 1934 1237 2018 Regina
1258 1934 1377 1995 itineris

280 2048 410 2108 veniam
432 2044 517 2106 dedit
538 2027 571 2107 et
592 2063 689 2126 quum
713 2064 794 2126 quae
815 2045 1029 2127 promisisset,
1052 2051 1245 2125 reportaret,
1268 2045 1376 2104 iterum

282 2160 379 2234 atque
399 2152 514 2212 iterum
535 2151 760 2232 proficiscendi
780 2152 908 2213 veniam
930 2121 1103 2212 concessit.
1140 2152 1250 2212 'l'ertia
1272 2158 1376 2213 autem

281 2259 356 2321 vice
378 2274 473 2341 quum
494 2256 536 2319 ad
556 2257 734 2321 Ahmruum
757 2265 883 2319 secreto
905 2258 1067 2342 venisset,
1095 2277 1168 2319 eum
1192 2256 1376 2337 commovit,

170 2376 174 2388 '
282 2373 316 2428 ut
347 2366 435 2427 viros
464 2362 581 2427 fiducia
614 2366 739 2426 omnino
775 2363 890 2446 dignos
924 2365 956 2425 in
989 2383 1106 2426 saccos
1134 2366 1277 2427 inclusos
1307 2381 1375 2425 cum

281 2475 351 2555 ipso
383 2473 523 2534 mitteret
552 2479 585 2533 ct
620 2490 657 2534 se
688 2472 728 2534 iis
763 2473 882 2535 itineris
921 2473 1069 2536 comitem
1101 2471 1309 2556 adiungeret5
1342 2490 1376 2532 se

282 2582 366 2644 enim
386 2579 465 2641 viris
485 2581 516 2640 in
538 2579 652 2661 oppido
674 2599 693 2641 e
714 2581 823 2643 saccis
844 2582 993 2661 emissis,
1022 2588 1055 2642 et
1082 2581 1114 2643 in
1136 2581 1257 2644 incolas
1278 2584 1375 2661 irmp-

282 2690 368 2752 tiono
389 2687 488 2771 facta,
509 2688 571 2769 ipsi
591 2685 666 2749 illud
684 2688 857 2769 latibulum,
884 2706 947 2771 quo
971 2688 1083 2771 regina
1103 2689 1307 2773 confugeret,
1329 2689 1375 2748 in-

282 2797 457 2859 dicaturum
479 2814 565 2880 esse,
587 2797 782 2878 promittens.
812 2798 929 2859 Itinere
950 2805 1104 2877 suscepto
1126 2817 1222 2879 quum
1242 2798 1286 2861 ad
1305 2816 1374 2880 por-

282 2911 335 2966 tas
358 2901 465 2984 oppidi
483 2900 710 2984 advenIssent,
739 2904 879 2964 Kazirus
906 2905 1036 2985 reginae
1058 2903 1186 2966 felicem
1206 2903 1374 2968 adventum

284 3007 472 3072 adnuntians
502 3007 597 3070 dixit:
626 3011 744 3100 Qlall
769 3011 841 3109 ul:
866 3012 917 3102 ,pl
937 3014 1001 3104 555
1034 3013 1243 3074 „Postremae
1267 3020 1373 3074 vestes

283 3109 407 3172 sericae
429 3112 534 3185 (sunt)
562 3128 658 3189 super
679 3113 801 3172 camela
822 3110 997 3192 iuvenca«,
1029 3130 1109 3194 quae
1128 3113 1230 3176 verba
1251 3115 1284 3176 in
1303 3130 1374 3195 pro-

283 3219 426 3282 verbium
452 3228 616 3282 venerunt.
664 3221 746 3282 'Ium
777 3221 923 3304 rogavit,
953 3232 988 3283 ut
1022 3232 1096 3286 ante
1129 3231 1241 3304 portas
1269 3224 1374 3308 regina

283 3324 424 3409 prodiret
444 3336 477 3388 et
491 3347 544 3390 res
563 3327 749 3412 inspIceret,
766 3329 889 3392 dicens:
910 3331 1023 3420 w,
1040 3334 1102 3398 aba
1124 3333 1267 3417 [ςφᾶς.
1289 3330 1373 3396 „Ad-

283 3429 419 3514 portavi,
435 3429 519 3512 quod
534 3431 645 3511 pipivit
656 3439 688 3492 et
701 3431 785 3513 quod
797 3432 887 3494 silete
891 3476 902 3515 7
925 3449 1006 3513 quae
1020 3433 1120 3494 verba
1133 3434 1165 3494 in
1177 3435 1373 3513 proverbium

285 3544 460 3599 cesserunt.
470 3536 610 3600 Camelis
624 3539 655 3600 ln
667 3537 813 3619 oppidum
824 3539 1027 3620 intromissis,
1040 3558 1106 3620 res,
1119 3540 1373 3621 quemadmodum

283 3643 423 3705 Kazirns
445 3642 656 3729 praedixerat,
680 3645 846 3728 agebatur.
885 3645 1012 3727 Regina
1030 3646 1061 3706 in
1083 3646 1246 3710 latibulum
1269 3645 1373 3709 introi·

285 3765 372 3836 tura,
395 3772 564 3836 personam
585 3752 785 3834 Djadsimahi
806 3752 846 3814 ad
866 3763 991 3834 portam
1020 3757 1134 3819 stantis
1158 3760 1324 3841 cognovit,
1345 3760 1373 3815 et

285 3883 328 3924 ex
348 3863 461 3924 annulo
483 3879 541 3922 suo
562 3880 722 3923 venenum
744 3859 964 3923 absconditum
980 3864 1095 3944 esuxit,
1111 3871 1146 3924 nt
1168 3865 1227 3925 sibi
1248 3873 1371 3927 mortem

285 3967 434 4052 afferret,
462 3968 590 4030 dicens:
619 3984 712 4058 &aa
737 3973 810 4070 (5⁴⁸
834 3988 934 4059 ,joop
960 3969 981 4034 l
1006 3986 1116 4058 &raus
1146 3973 1228 4034 ”Per
1255 3988 1371 4036 manum

285 4087 390 4130 meam
410 4069 572 4151 (moriar),
592 4090 655 4132 non
677 4089 733 4151 per
755 4087 880 4132 manum
901 4069 1154 4154 Ebu-Obdajjiu,
1177 4089 1259 4153 quae
1279 4068 1370 4134 verba

286 4175 445 4256 proverbii
460 4177 566 4240 locum
585 4176 797 4240 obtinuerunt.
829 4175 1057 4257 Djadsimalrus
1078 4178 1184 4262 gladio
1206 4200 1277 4244 eam
1299 4196 1370 4243 con-

286 4279 375 4346 fodit.
417 4279 540 4344 Alrdius
562 4284 723 4347 ben-Said
744 4283 888 4346 llrbadita
910 4304 978 4349 rem
1000 4288 1139 4351 carmine
1160 4286 1332 4371 descripsit.
