3044 4938
695 337 920 398 ..173-

350 527 431 588 uun
460 522 638 605 significat,
667 522 720 602 qui
745 536 849 598 neque
875 517 1064 580 inimicitiam
1093 511 1232 576 ostendit
1257 529 1366 590 neque

268 633 404 695 amicum
425 631 583 693 sincerum
603 646 641 690 se
662 626 783 708 prohat.

528 839 660 974 unffi>
695 817 832 973 &1²¹
871 842 1009 938 steca
1082 825 1128 912 ‘¹¹⁹

270 1025 328 1099 94.
379 1021 481 1093 Inter
506 1042 569 1091 eos
595 1015 671 1089 dies
696 1014 832 1088 Ahlaki
858 1030 895 1086 et
920 1014 1045 1087 Kumi.

353 1171 471 1233 Ahlaki
492 1179 525 1232 et
540 1169 637 1230 Kumi
654 1169 780 1230 nomina
799 1167 918 1227 dicrum
939 1173 1022 1248 sunt,
1046 1166 1157 1246 quibus
1179 1166 1259 1227 inter
1276 1167 1369 1230 Ara-

270 1282 328 1342 be·
350 1287 529 1362 pugnatum,
545 1285 613 1360 est,
646 1294 776 1358 quorum
805 1292 886 1334 unus
914 1273 1012 1335 altero
1043 1274 1131 1353 peior
1160 1283 1237 1336 erat.
1280 1276 1371 1336 Inter
1475 1275 1482 1292 ‘

269 1388 413 1451 homines
434 1385 626 1446 inimicitiam
647 1391 681 1444 et
698 1383 782 1443 mala
798 1399 885 1462 esse,
898 1380 1098 1461 proverbium
1112 1376 1241 1462 indicat,
1263 1381 1370 1442 conf.

271 1495 309 1558 C.
330 1493 422 1576 xxl,
446 1490 515 1553 102.

271 1865 329 1935 95.
379 1857 503 1941 Firma
528 1853 601 1926 fuit
626 1878 739 1952 super
764 1849 839 1926 hoc
866 1855 961 1926 cutis
987 1854 1075 1924 eius.

355 2014 389 2072 in
411 2029 451 2072 ec
472 2006 634 2089 acquievit
655 2014 688 2066 ct
709 2014 892 2067 constanter
913 2005 1096 2086 permansit.

583 2177 625 2208 Α)
832 2176 868 2208 θα
970 2171 1042 2205 Ma

500 2201 642 2346 apat
680 2206 749 2347 pt
783 2187 903 2321 ...ἐξ
938 2237 1039 2319 ma
1112 2221 1150 2304 n

272 2413 330 2488 96.
382 2407 575 2499 Quaedam
601 2433 770 2482 annonae
796 2408 955 2507 penuria
980 2432 1106 2479 macro
1134 2407 1371 2479 convenien-

386 2535 459 2606 tior
484 2549 538 2607 est
565 2532 696 2633 (quarn
721 2529 851 2634 pabuli
878 2529 1140 2628 abundantia).

357 2687 406 2746 De
429 2705 486 2767 eo,
515 2685 569 2766 qui
596 2685 723 2747 divitias
751 2684 835 2745 ferre
863 2703 924 2745 non
952 2692 1059 2764 potest
1088 2692 1120 2746 et
1150 2685 1291 2746 insolens
1320 2686 1378 2769 fit,

275 2791 447 2854 adhibetur.

275 3188 335 3257 97.
389 3180 475 3256 Non
500 3179 586 3255 lusu
611 3198 794 3283 rupturae
820 3200 1054 3282 reparantur.

359 3334 564 3416 Diligentiam
586 3343 618 3396 et
638 3335 756 3397 serium
779 3333 809 3394 in
830 3334 926 3395 rebus
952 3332 1162 3396 adhibendum
1190 3351 1264 3396 esse
1293 3355 1372 3416 pro·

277 3440 419 3504 verbium
442 3440 545 3503 dccet.

278 3836 337 3908 98.
389 3831 432 3904 ln
457 3834 560 3906 omni
584 3831 703 3907 herba
728 3834 882 3933 vestigia
907 3835 1053 3936 pecoris
1081 3837 1274 3938 pascentis.

362 3983 424 4045 Ubi
446 3984 574 4048 divitiae
595 3995 682 4068 sunt,
704 3985 747 4047 ibi
767 3994 913 4066 petentes
939 3995 1023 4048 sunt.

543 4137 1012 4338 &iiiiii-⁴2
1082 4194 1120 4273 t
