2988 4952
583 331 789 392 „57-

144 523 303 576 nectutem
324 515 439 596 ingenii
460 531 593 575 aoumen
615 512 743 576 diminui
764 515 916 596 sentiret,
946 517 1028 579 filios
1054 535 1150 597 suos,
1179 535 1237 578 se-

144 621 277 682 eundum
298 621 427 683 aliorum
449 620 626 701 opinionem
646 620 796 704 puellam,
817 623 846 682 si
855 623 951 684 errori
967 624 1122 686 obnoxius
1138 632 1237 704 esset,

143 729 298 810 baculum,
320 738 354 791 ut
375 729 434 790 sibi
455 729 549 809 signo
575 737 681 807 esset,
712 730 837 810 pulsare
861 729 967 809 jussit.
1011 731 1103 794 Gens
1131 741 1237 793 autem
1268 781 1272 796 ,

144 836 269 899 Rebiah
294 835 387 915 hujus
414 835 459 894 rei
487 843 649 895 auctorem
679 825 813 898 Kaisum
841 837 1047 901 beu-Chaled
1075 835 1239 902 ben-Dsi'l

143 941 313 1023 Djaddain‚
335 960 417 1024 gens
438 941 560 1003 'l'amim
588 940 766 1003 Rabiahum
794 944 1100 1028 ben-Moohasohin‚
1114 947 1239 1027 ostirpe

143 1048 233 1112 Banu
242 1047 343 1120 Osaid
349 1047 553 1110 ben-Ahmm
559 1047 734 1130 oriundum,
741 1050 957 1114 Jemauenses
978 1053 1114 1134 denique
1128 1055 1235 1119 Ahm-

57 1169 60 1176 ’
143 1175 231 1218 ruum
252 1155 515 1218 ben-Homamah
536 1155 702 1217 Dausitam
723 1156 892 1218 nominant.
915 1158 1120 1222 Proverbium
1142 1161 1172 1222 in
1185 1181 1237 1239 oo,

144 1265 197 1346 qui
218 1262 355 1343 prudens
377 1261 619 1324 admonitionem
640 1259 789 1344 admittit,
805 1262 978 1326 adhibetur.
1000 1263 1123 1328 Cecidit
1141 1277 1236 1348 poeta

195 1385 1190 1546 dmssiwhfflassitisstza

148 1597 318 1678 „Dixistia
329 1613 387 1656 nos
400 1616 462 1657 non
473 1596 591 1657 hahere
600 1595 854 1676 intelligentiam
871 1598 1043 1658 atbaeulus
1057 1597 1242 1680 intelligenti

144 1706 289 1785 pulsatus
311 1713 370 1766 est.
414 1704 495 1765 conf.
519 1703 556 1765 C.
581 1704 631 1786 12,
653 1704 703 1764 48.
725 1712 759 1764 et
779 1705 894 1766 Harir
922 1709 993 1771 ovt‘·
1042 1707 1241 1768 Semach-

145 1805 295 1867 sohari

439 1927 957 2093 &fffflffim

149 2192 228 2262 147.
282 2190 406 2261 Occisi
430 2186 570 2260 familia
596 2187 643 2261 ad
669 2214 754 2260 eum
781 2191 986 2285 (occisum)
1015 2195 1189 2294 pertinet.

227 2342 359 2404 Familia
381 2342 480 2403 occisi
504 2342 607 2422 magis
633 2341 672 2401 de
702 2362 741 2402 eo
771 2343 905 2405 sollicita
927 2353 996 2428 est,
1040 2363 1134 2426 quam
1165 2347 1244 2408 alius

37 2487 39 2494 ,
148 2450 225 2532 quis.
268 2449 345 2509 Vox
365 2452 452 2546 02²⁴
473 2469 493 2510 a
513 2450 612 2510 verbo
634 2449 698 2548 6³>
725 2449 897 2511 derivanda
921 2459 980 2511 est.
1010 2452 1054 2514 Ut
1076 2453 1174 2514 occisi
1190 2453 1244 2514 fa·
1306 2529 1309 2536 .

147 2576 231 2634 milia
245 2571 446 2634 ulciscendae
454 2574 524 2632 neei
541 2573 679 2632 maxime
696 2591 825 2652 operam
849 2573 915 2650 dat,
941 2575 988 2634 sic
1013 2593 1069 2634 eos
1093 2592 1145 2633 res
1167 2593 1245 2652 spe-

149 2688 226 2760 ctat,
248 2681 299 2760 qui
323 2679 363 2738 de
386 2698 424 2739 ea
448 2679 571 2739 solliciti
587 2687 660 2739 sunt
683 2678 1037 2742 Soharal-Aldin.

460 2817 942 3046 QhQssm

153 3073 233 3145 148.
257 3071 392 3142 Dicens
419 3066 458 3140 id
483 3069 672 3166 (verbum)
699 3064 792 3156 nihil
819 3067 938 3142 voluit
956 3073 1025 3142 nisi
1047 3074 1243 3172 perfectio·

266 3221 361 3270 Hem.

238 3320 273 3382 ld
295 3331 360 3382 est:
382 3322 610 3381 Perseveravit
632 3321 663 3379 in
685 3320 818 3382 dicendo
841 3330 873 3382 et
895 3341 1073 3385 sermonem
1101 3344 1164 3385 non
1185 3325 1246 3386 ab·

149 3429 453 3512 rupitProverbium
464 3438 570 3491 autem
585 3427 746 3508 adhihent,
760 3448 853 3509 quum
871 3429 1014 3492 homines
1024 3431 1057 3491 in
1071 3452 1116 3516 re,
1127 3431 1168 3492 de
1183 3450 1245 3512 qua

150 3537 306 3599 dissensio
317 3543 447 3618 nonest,
455 3534 905 3597 continuosermonesfaoiunt.
916 3537 952 3596 ln
962 3535 1113 3600 Meidanii
1124 3536 1246 3599 eodioi-

148 3647 208 3707 bus
228 3644 342 3726 legitur
363 3642 408 3704 de
430 3659 501 3723 qua
523 3640 716 3703 dissensio
739 3650 811 3725 est,
832 3642 864 3704 id
880 3643 964 3724 quod
984 3645 1099 3708 falsum
1111 3645 1246 3709 videtur.

150 3758 186 3816 ln
233 3745 496 3816 Sabarai-Aldini
541 3758 573 3810 et
610 3749 869 3811 Samaehsoharii
905 3751 982 3812 lihro
1017 3751 1065 3811 sio
1110 3759 1146 3812 ut
1187 3771 1246 3814 nos

150 3862 311 3924 vertimus.
353 3858 431 3918 Vox
457 3857 504 3925 [Δ
525 3855 637 3935 triplici
658 3854 763 3916 vocali
793 3857 983 3918 enunciatur.
1025 3856 1158 3918 Venalis
1185 3877 1246 3922 au.

151 3969 215 4022 tem
236 3958 371 4019 Kesre
392 3954 553 4018 Meidanio
574 3954 783 4035 praeferenda
804 3955 936 4018 videtur.
986 3997 989 4009 ·
1204 3939 1214 3966 “

218 4164 266 4222 (al.
284 4163 388 4221 flahisi)
405 4169 432 4214 et
444 4164 499 4214 tllia
516 4163 616 4214 Ahmiri
633 4163 839 4227 ben-Althsarb,
857 4164 900 4225 qui
917 4164 991 4214 Dsul'
1010 4166 1078 4216 illim
1092 4175 1247 4228 (possessor

219 4255 389 4316 prudentiae)
408 4255 656 4319 cognominabatur.
