2988 4952
147 803 202 872 41.
256 796 406 870 Mulieri
441 801 524 872 viro
566 813 706 901 nuptae
745 827 824 874 non
859 825 955 901 opus
993 815 1047 872 est
1081 798 1250 886 discere,⁴

252 919 445 1024 quomodo
473 940 587 1026 caput
613 939 723 1023 tegat.

206 1076 257 1138 De
279 1076 348 1136 viro
369 1077 565 1158 experientia
586 1076 702 1139 edocto
722 1077 921 1156 proverbium
941 1075 1100 1138 adhibent.

323 1219 1060 1415 mpfflmffla

144 1475 203 1544 42.
256 1406 426 1542 Mulieres
453 1484 541 1542 sunt
568 1493 656 1542 caro
683 1492 796 1569 super
817 1408 936 1566 digno.

226 1620 424 1683 Vocabulum
446 1645 523 1724 pan,
550 1640 675 1683 omnem
698 1639 776 1704 rem,
799 1620 871 1682 sive
892 1628 1000 1680 storea
1022 1619 1093 1679 sive
1116 1619 1233 1700 liguum

141 1738 184 1798 sit
188 1781 201 1821 7
239 1739 270 1798 in
299 1757 361 1820 qua
390 1757 505 1802 carnes
540 1750 710 1825 ponuntur,
746 1759 787 1800 ne
814 1740 944 1823 pulvere
976 1739 1238 1819 contaminentur,

140 1845 308 1926 significat.
351 1849 395 1912 Ut
416 1867 491 1911 caro
512 1869 608 1931 super
628 1851 715 1932 ligno
737 1850 789 1911 vei
812 1855 920 1910 storea
942 1847 1094 1930 disposita
1115 1853 1148 1907 et
1168 1843 1239 1906 usui

141 1953 300 2019 destinata
333 1966 524 2038 conspurcat
552 1967 585 2019 et
612 1957 793 2041 despicitur,
831 1957 880 2017 sic
900 1958 1062 2018 mulierum
1077 1956 1155 2018 ratio
1178 1963 1240 2015 eet.

140 2063 304 2124 Proverbii
319 2066 472 2147 originem
491 2065 532 2126 ab
547 2065 677 2129 0hmari
698 2066 805 2127 verbio
825 2073 936 2146 petunt
967 2071 1042 2165 3⁸²)
1067 2067 1189 2164 ΨΒ),
1215 2060 1235 2127 t

139 2212 233 2280 sta,
260 2191 331 2290 „aa
355 2174 445 2276 »ὲ
470 2191 594 2260 :Latii
620 2195 660 2292 Ui
690 2201 829 2276 εμὲ.)
873 2190 945 2251 „Ne
967 2190 998 2252 in
1019 2195 1145 2250 secreto
1167 2187 1237 2248 loco

139 2333 210 2377 cum
240 2317 413 2380 cantatrice
442 2320 490 2379 vir
522 2321 579 2401 sit,
617 2318 762 2380 mulieres
791 2328 865 2378 sunt
892 2334 967 2378 caro
996 2333 1092 2395 super
1120 2314 1234 2396 iignoa

139 2422 221 2484 conf.
243 2423 353 2488 uersu.
382 2427 470 2488 misc.
499 2426 581 2490 med.
610 2447 640 2507 p.
672 2428 718 2490 12.

375 2545 1023 2748 Qssssffldd

141 2818 199 2888 43.
254 2810 428 2886 Venditio
455 2830 509 2887 est
535 2817 639 2914 parvi
668 2818 778 2916 pretii
805 2830 842 2886 et
868 2815 991 2914 magni
1019 2813 1138 2912 pretii.

201 2961 319 3027 Kaisus
340 2965 401 3027 ben
423 2965 538 3028 Sohair
558 2968 746 3052 Alahbsita7
773 2987 866 3050 quum
873 3014 885 3052 7
914 2967 1049 3028 Sohairo
1071 2963 1235 3044 ben-Dja·
1320 2967 1324 2984 '

138 3069 262 3133 dsimah
283 3091 303 3134 a
322 3071 465 3135 Chaledo
487 3074 681 3155 ben-Djafar
704 3078 823 3159 occiso,
845 3085 955 3138 contra
975 3083 1105 3156 gentem
1125 3073 1235 3133 Banu-

137 3178 249 3240 Ahmir
277 3180 389 3242 bellum
418 3193 544 3261 pararet
570 3201 672 3263 eaque
700 3181 742 3244 de
769 3201 867 3246 causa
894 3181 1056 3244 Medinarn
1078 3180 1234 3256 venisset,

137 3285 179 3348 ad
201 3284 398 3350 Ohaihahnm
426 3288 668 3370 ben-Aldjuhah
694 3292 841 3353 Ausitam
869 3287 1020 3351 Medinae
1049 3285 1233 3369 principem,

137 3394 197 3454 sibi
217 3395 374 3457 amicitiae
395 3396 520 3457 vinculo
542 3396 745 3480 obstrictmn‚
770 3398 917 3481 pervenit
942 3413 1080 3476 rogans,
1101 3402 1136 3455 ut
1157 3393 1233 3454 lori-

137 3519 207 3564 cam
229 3502 289 3563 sibi
309 3510 364 3563 aut
386 3501 539 3566 venderet
561 3514 614 3566 aut
637 3505 717 3568 dono
741 3505 839 3567 daret.
883 3505 963 3564 'l'um
991 3503 1054 3584 ide,
1077 3508 1111 3562 ut
1131 3482 1235 3580 neque

136 3610 238 3672 amico
263 3628 330 3670 rem
359 3611 482 3671 omnino
511 3621 690 3695 recusaret,
723 3629 826 3692 neque
855 3609 938 3691 apud
959 3619 1089 3691 gentem
1109 3608 1231 3688 Ahmir,

135 3735 265 3798 quorum
287 3735 366 3778 unus
389 3715 550 3779 Chaledus
571 3718 766 3799 ben-Djafar
794 3720 941 3780 versibus
970 3718 1140 3799 principem
1161 3719 1227 3777 lau·

135 3825 282 3904 daverat,
305 3844 356 3904 eo,
379 3832 412 3886 ut
433 3823 516 3886 dono
539 3827 666 3888 ioricam
689 3825 794 3908 daret,
817 3825 1006 3906 offenderet,
1032 3822 1231 3886 vendendam

136 3952 234 4011 parvo
258 3934 356 4012 pretio
378 3934 491 3994 cameli
513 3934 584 3994 bimi
600 3936 728 3997 loricam
745 3937 847 3997 amico
863 3934 984 4014 obtulit,
1008 3934 1089 3994 haec
1110 3932 1231 3994 addens

136 4039 252 4122 verba,
275 4058 356 4121 quae
378 4048 491 4120 postea
512 4043 543 4104 in
565 4043 766 4122 proverbium
788 4049 951 4104 vencnmt.

301 4165 947 4387 'QQQQu
