2982 4934
683 347 909 409 mmo„

335 533 473 593 Metrum
500 548 652 592 versuum
674 495 911 592 Motokerib
940 529 1134 610 appellatum
1164 539 1222 590 est.
1236 523 1239 530 ⁴
1254 528 1356 590 (lons.

251 640 317 702 libr.
344 659 382 700 m.
404 660 432 719 p.
454 640 513 702 281
538 659 586 724 sq.

498 757 751 970 ‹14¹5ss
788 780 854 967 εἰ·
890 761 1012 936 023
1084 824 1130 904 tu

255 1009 335 1082 169.
385 1009 504 1108 Magis
532 1007 756 1097 defendens,
783 1033 895 1108 quom
930 1011 971 1095 is,
998 1008 1062 1108 qui
1097 1007 1272 1078 mulieres
1311 1009 1352 1078 in

384 1135 531 1235 pilentis
557 1135 731 1210 vehentes
764 1135 950 1208 tuebatur.

314 1283 491 1346 Rebiehum
513 1283 789 1347 beu-Moeaddum
804 1283 961 1345 Aloeneni
976 1301 1042 1344 rem
1063 1281 1186 1344 leeisse
1207 1289 1350 1342 uerrunt.

251 1391 499 1453 Nobeisohehus
520 1392 706 1454 ben-Hebib
727 1391 900 1474 Alsolemi,
930 1409 1024 1472 quum
1046 1390 1271 1452 excursionem
1294 1388 1349 1448 fe-

250 1499 368 1584 cisset,
395 1499 575 1563 mulieribus
597 1519 616 1560 e
635 1508 734 1582 gente
756 1499 919 1581 Cineuuh,
947 1499 979 1560 in
1004 1498 1131 1578 pilentis
1152 1495 1350 1558 vehentibus

250 1608 397 1691 oeeom't,
419 1626 502 1689 quae
524 1626 543 1669 u
564 1608 709 1671 Rubiaho
731 1626 804 1670 eum
828 1606 986 1669 nonnullis
1008 1605 1166 1688 equitibus
1189 1603 1350 1665 defende-
1482 1679 1483 1700 Χ

187 1714 189 1718 ’
248 1715 372 1780 bantur.
411 1715 576 1778 Rubiohus
597 1715 628 1776 in
649 1715 779 1778 broehio
801 1735 820 1776 u
841 1713 1073 1777 Nobaisoheho
1093 1713 1282 1774 vulneratus
1306 1710 1349 1772 ud
1482 1709 1483 1772 l

248 1830 383 1885 matrem
406 1825 495 1884 venit
516 1840 647 1907 regens,
667 1830 702 1884 ut
715 1823 831 1896 vulnus
854 1822 1020 1906 obligaret,
1037 1818 1088 1881 his
1102 1814 1210 1880 verbis
1232 1826 1347 1879 utens:

245 1955 418 2088 33333
446 1951 738 2090 33333
830 1935 1346 2085 zozimum

250 2152 361 2214 „vitto
381 2170 432 2213 me
456 2151 571 2233 obliga,
595 2173 613 2214 o
636 2160 739 2213 meter
764 2151 893 2232 Sejjeri,
915 2169 988 2214 nem
1010 2171 1071 2234 ego
1094 2169 1193 2233 eques
1215 2168 1344 2213 nummo

290 2278 385 2324 aureo
407 2259 517 2322 similis
539 2259 761 2324 detrimentum
782 2261 881 2342 oepit

353 2366 414 2428 Cui
438 2375 556 2430 muter:

350 2489 494 2638 om
520 2490 657 2624 mu
681 2471 758 2630 {3}
833 2500 920 2638 «uu
945 2501 989 2634 u
1015 2501 1179 2634 aanor
1208 2491 1243 2650 3

605 2704 710 2835 eu
737 2697 830 2843 33
855 2699 986 2835 02:122

248 2873 365 2953 oQuod
385 2877 497 2939 attinet
518 2877 560 2940 ed
580 2885 711 2960 gentem
732 2885 874 2939 nostrum
887 2875 1126 2939 Boou-Rabieh
1144 2873 1341 2956 ben-Mulie,

199 3034 201 3040 ,
289 2984 396 3062 optimi
417 2985 517 3045 nostri
537 2984 600 3045 lroo
621 2983 715 3046 modo
742 2982 929 3048 detrimento
952 2992 1026 3046 sunt
1052 2983 1170 3046 edilieti
1193 2991 1259 3045 tum
1283 2998 1341 3044 oe-

290 3089 348 3152 cisi
369 3099 436 3152 tum
457 3101 639 3172 pereuntes.

328 3205 472 3268 Vulnere
495 3207 634 3291 obligato
655 3228 769 3294 equum
791 3229 811 3272 a
833 3218 934 3273 matre
955 3211 1055 3292 petiit.
1097 3207 1165 3274 Sed
1192 3208 1246 3272 illa
1273 3207 1341 3290 pri-

246 3331 333 3374 mum
355 3323 464 3378 eontra
485 3315 598 3380 hostes
619 3339 691 3382 euru
713 3337 857 3402 pugnare
874 3320 979 3403 iussit,
993 3326 1068 3400 post
1089 3319 1119 3380 ei
1140 3336 1256 3401 aquom
1278 3335 1340 3378 non

247 3407 427 3482 defuturum
456 3441 541 3486 esse.
588 3426 649 3488 His
684 3427 794 3488 metris
821 3427 931 3488 verbis
967 3427 1137 3508 instigatus
1169 3426 1283 3488 iterum
1309 3424 1341 3487 in

246 3527 359 3590 hostes
387 3529 538 3610 impetum
574 3533 652 3596 feeit
687 3553 807 3617 eosque
841 3535 962 3616 repulit.
1012 3536 1095 3596 'l'uru
1123 3533 1165 3596 ad
1192 3535 1340 3596 mulieres

246 3633 371 3703 rediens
393 3637 489 3699 dixit:
514 3638 578 3718 Qui
596 3650 648 3703 est
669 3650 776 3704 status
797 3661 902 3726 meus,
917 3661 980 3704 vos
996 3641 1166 3704 delendum
1184 3649 1338 3723 mortuus,

246 3744 509 3825 quemadmodum
531 3749 629 3810 vivus
650 3769 712 3812 vos
735 3751 871 3813 delendi.
912 3753 949 3812 ln
971 3750 1051 3812 oolle
1072 3767 1143 3812 eum
1165 3769 1247 3832 equo
1268 3769 1339 3812 meo

246 3853 351 3934 stabo,
368 3853 442 3917 dum
457 3856 552 3918 hesta
563 3876 615 3918 me
631 3867 771 3921 ereetum
786 3868 887 3938 tenet3
911 3860 1003 3922 vobis
1025 3869 1132 3921 eutem
1152 3859 1232 3941 iuge
1253 3860 1339 3920 sulus

244 3961 384 4040 peteuda
405 3971 466 4027 est.
507 3965 663 4027 Mulieres
681 3975 790 4030 uuteur
818 3969 931 4030 oolleur
954 3973 1161 4049 supererunt,
1191 3963 1266 4028 dum
1286 3965 1339 4026 ille

244 4065 341 4132 bula
360 4072 454 4134 nixus
475 4074 578 4136 uultus
601 4077 687 4136 uteru
708 4076 846 4149 tenebat.
873 4075 978 4138 Neruo
995 4093 1067 4136 eum
1082 4071 1218 4158 aggredi
1237 4073 1338 4134 eude-

244 4174 311 4259 lutt,
324 4173 427 4239 donee
439 4191 592 4260 perpetuo
603 4201 648 4242 ex
661 4182 844 4243 vulneribus
860 4180 1016 4262 sunguine
1028 4183 1147 4242 fluente
1156 4180 1337 4243 debilitatus

246 4273 429 4345 moreretur.
473 4289 580 4349 Hosto
607 4297 725 4372 eutem,
749 4308 810 4370 quo
843 4289 945 4352 minus
973 4291 1004 4351 iu
1025 4298 1140 4352 terram
1160 4298 1337 4373 prorueret,
