2982 4934
559 341 779 404 wamy„

124 544 155 593 te
177 528 322 594 celeriter
343 534 435 593 imus.
475 531 566 592 Hace
588 531 697 591 dicens
725 531 809 590 abiit.
852 530 943 607 Quae
963 531 1063 590 verba
1084 530 1217 591 audiens

123 651 199 722 post
221 642 327 702 velum
350 641 475 702 occulta
496 637 716 719 Moahwijjahi
745 656 835 700 soror
859 637 945 699 huuc
966 657 1062 719 quum
1081 640 1218 700 interro-

123 758 238 832 garet,
268 750 339 830 quis
369 748 419 809 vir
447 756 554 830 esset,
578 749 634 829 qui
657 748 760 808 minas
787 748 938 828 iactaret,
966 740 1218 828 Moahwijjahns

126 855 220 916 dixit:
251 857 338 918 'faiis
364 866 436 938 est,
470 856 524 916 ob*
541 857 631 916 ouius
660 856 739 916 iram
767 863 894 915 centum
922 854 1014 916 millia
1041 855 1220 916 viromme

125 973 223 1045 gente
244 946 368 1023 'l'amim
400 963 576 1024 irascuntur
610 963 809 1040 nescientes,
838 980 996 1041 quaenam
1024 963 1090 1024 irae
1120 979 1220 1022 causa

126 1073 177 1133 sit.
219 1070 308 1132 Idem
329 1069 581 1150 Moahwijjahus
602 1091 697 1152 quum
725 1078 866 1153 optaret,
900 1073 986 1131 utin
1007 1071 1221 1132 filium'suum

128 1177 268 1242 lasiduru
298 1177 491 1239 succedendi
517 1180 549 1238 in
576 1155 706 1258 imperio
733 1179 785 1238 ius
816 1179 1022 1239 tranferretur
1050 1177 1221 1258 praefectis

128 1287 205 1368 suis,
229 1294 263 1347 ut
284 1305 326 1346 ex
349 1285 478 1347 urbibus
498 1287 598 1377 legati
616 1286 657 1351 ad
678 1288 781 1367 ipsum
804 1287 1021 1365 convenirent,
1043 1285 1221 1367 imperavit.

129 1395 180 1455 ldx
208 1394 286 1455 urbe
312 1395 419 1478 Bazra
446 1393 625 1456 Alalmai'us
649 1397 841 1457 mittebatur.
882 1397 919 1456 In
940 1395 1094 1456 concione
1114 1383 1222 1454 autem

128 1520 195 1562 rem
224 1501 272 1562 sic
297 1501 476 1562 instituerat
502 1501 769 1585 Moahwijjabus,
809 1511 843 1563 ut
876 1510 952 1582 post
981 1501 1152 1564 orationem
1181 1500 1221 1563 ab
1280 1517 1290 1528 “

128 1610 200 1688 ipso
226 1608 384 1690 habitam,
418 1607 630 1670 Aldhohakus
665 1609 843 1672 ben-Kaio
871 1607 986 1670 Alfihri
1018 1607 1222 1670 successoris

131 1718 321 1776 mentionem
346 1715 468 1776 faceret
495 1725 528 1778 ot
549 1714 697 1778 desidum
719 1714 911 1796 designaret.
954 1716 1038 1776 Huie
1060 1714 1223 1777 Ahmruus

132 1823 326 1886 ben-Saihd
354 1822 539 1886 Alaschdak
568 1822 727 1886 adsensus
756 1830 816 1884 est.
859 1823 942 1884 Post
970 1822 1056 1884 huno
1089 1820 1224 1884 Jasidus

133 1931 449 1993 ben-Aimckannah
478 1931 628 1992 Aiohdsri
660 1931 796 1995 surrexit
829 1929 957 1994 diceus:
994 1931 1046 1992 hic
1074 1909 1224 2008 princeps

132 2021 466 2102 Mohammedauorum
499 2047 568 2122 est,
605 2038 872 2123 Moahwijjahum
913 2046 991 2104 nutu
1026 2037 1224 2120 significans,

131 2154 164 2208 et
194 2167 232 2208 eo
260 2154 384 2210 mortuo
419 2155 487 2209 turn
515 2146 585 2226 hic,
621 2147 770 2210 Jasidum
805 2147 995 2232 designans,
1034 2155 1066 2208 et
1093 2148 1121 2209 si
1156 2147 1226 2227 quis

131 2255 244 2332 renuit,
266 2253 329 2335 hic,
351 2253 490 2338 gladium
511 2253 707 2336 significans.
734 2254 824 2318 Dixit
842 2252 1110 2334 Moahwijjahus:
1134 2245 1237 2334 sede,

132 2378 167 2430 tu
195 2388 231 2430 es
259 2369 408 2449 princeps
438 2378 614 2449 oratorum,
645 2377 677 2430 et
705 2389 799 2451 quum
828 2369 879 2429 alii
901 2389 942 2429 cx
964 2347 1142 2450 legatorum
1163 2385 1226 2426 nu·

133 2495 222 2540 mero
250 2477 348 2539 locuti
384 2486 512 2558 essent,
540 2475 735 2538 Aiahuasum
764 2477 952 2538 sententiam
974 2493 1065 2536 suam
1086 2467 1226 2534 iuterro-

133 2591 233 2669 gavit.
261 2585 324 2647 Hic
345 2585 523 2666 respondit:
547 2587 638 2648 „Vos
660 2586 819 2665 timemus,
841 2585 870 2645 si
890 2585 1061 2644 veritatem
1082 2581 1226 2664 dicimus,

132 2694 184 2755 sin
213 2711 292 2754 vero
318 2693 502 2774 mentimur,
524 2693 627 2753 Deum
648 2693 813 2771 timemus,
842 2699 876 2753 tu
901 2709 998 2770 vero,
1026 2673 1226 2770 oprincep's,

133 2800 284 2865 Jasidum
308 2801 424 2882 optime
445 2800 554 2861 noscis
577 2808 610 2860 et
630 2799 729 2861 dieat
747 2809 842 2860 nocte
858 2807 890 2859 et
903 2806 1030 2860 secreto
1043 2806 1076 2858 et
1091 2795 1226 2876 publice,

134 2917 167 2970 et
189 2909 220 2969 in
240 2910 368 2970 introitu
390 2917 422 2969 et
443 2909 537 2970 exitu.
580 2909 617 2971 Si
638 2910 735 2990 igitur
754 2908 835 2990 scia,
858 2926 931 2968 eum
953 2914 986 2966 et
1006 2906 1076 2966 Deo
1099 2912 1131 2965 et
1152 2902 1227 2965 huic

135 3016 225 3099 genti
246 3023 373 3096 gratum
394 3013 483 3097 fore,
504 3015 662 3078 neminem
682 3016 829 3094 cousule3
863 3013 913 3076 sin
933 3031 1027 3095 vero,
1049 3031 1116 3073 rem
1138 3011 1252 3073 aliter'
1289 3013 1293 3026 ’

135 3143 173 3185 se
194 3123 324 3204 habere,
346 3123 423 3207 scis,
446 3122 567 3207 cogita,
589 3131 622 3184 te
643 3125 673 3184 in
695 3131 857 3185 aeternam
877 3123 977 3184 vitam
998 3122 1112 3188 iturum
1134 3138 1227 3200 esse,

135 3242 280 3294 nostrum
309 3238 416 3293 autem
443 3239 495 3292 est
530 3231 653 3294 dicere:
682 3230 826 3293 andimus
856 3240 888 3292 et
910 3229 1103 3292 obedimuso
1139 3230 1228 3290 Nar-

135 3348 225 3420 rant,
247 3337 350 3408 virum
372 3339 427 3420 qui
447 3358 538 3424 eum,
568 3347 603 3402 ut
630 3348 801 3424 coqueret,
831 3339 924 3402 ollam
944 3348 1127 3420 paraturum
1148 3355 1228 3399 eon-

133 3446 286 3526 spiceret,
308 3445 392 3506 hunc
413 3445 571 3507 recitasse
592 3463 739 3508 versum:
911 3446 915 3454 '
1055 3459 1060 3464 ‘

188 3565 321 3692 &aa
346 3578 411 3683 et
436 3570 479 3680 [22
504 3581 540 3684 t,
562 3569 627 3694 {ii}
661 3569 814 3694 tejam
843 3570 1076 3706 agatae
1093 3571 1178 3712 ,32⁵2

222 3743 311 3806 „olla
345 3745 456 3809 simiae
489 3747 593 3808 manui
631 3747 755 3829 similis,
793 3767 856 3808 non
896 3767 967 3809 eam
998 3742 1229 3822 commodatam

137 3850 254 3930 accipit
279 3869 416 3934 rogans,
448 3860 480 3913 et
503 3854 636 3914 veniens
658 3852 698 3928 ad
725 3872 797 3916 eam
825 3853 918 3939 adipe
940 3873 1003 3915 non
1023 3851 1228 3932 inquinatura<

138 3955 174 4032 (i.
204 3977 231 4017 e.
259 3975 377 4018 avarus
404 3976 474 4019 eam
502 3957 674 4038 possidet).
718 3959 779 4038 Qui
807 3977 922 4022 versus
950 3977 1046 4040 quum
1069 3958 1230 4020 Alahnafo

138 4065 294 4126 recitatus
322 4073 427 4148 esset,
459 4065 550 4128 dixit:
571 4058 731 4146 profecto!
755 4067 784 4128 si
812 4067 986 4151 voluisset,
1019 4067 1231 4147 pulchriorem

139 4189 272 4233 versum
293 4169 437 4234 dixisset.
468 4174 700 4256 Interrogatus
722 4194 796 4242 num
817 4175 920 4239 vinam
937 4173 1010 4256 ,ipso
1032 4173 1231 4236 mansuetio-

140 4298 207 4340 rem
229 4278 382 4360 vidisset,
414 4279 593 4362 respondit,
620 4300 656 4341 se
683 4283 825 4344 aKaiso
847 4281 1025 4343 ben-Auim
1046 4279 1231 4354 (Alminka-
