3044 4938
572 1289 721 1404 Caput
763 1292 850 1375 ΠΙ.

434 1567 787 1662 Ι,1”ιῐυι·α
854 1593 970 1662 Ta.

156 2212 186 2275 t.
221 2201 548 2300 Quemadmodum
563 2207 761 2280 latibulum
780 2230 888 2279 suum
906 2204 1038 2280 dorcas
1058 2206 1247 2308 relinquit.

235 2357 359 2420 Dorcas
380 2359 409 2419 si
436 2377 455 2420 e
483 2359 572 2440 loeo,
603 2358 654 2420 ubi
681 2358 819 2419 fervoris
839 2366 983 2439 tempore
1005 2331 1146 2420 umbram
1167 2367 1248 2439 uap-

152 2471 213 2546 tat,
235 2483 254 2525 a
274 2474 428 2528 venatore
450 2462 626 2550 depellitur,
648 2465 689 2528 ad
710 2463 846 2527 eundem
861 2467 965 2527 loeum
979 2482 1139 2545 nunquam
1152 2461 1249 2546 redit3

154 2580 343 2654 quapropter
370 2573 588 2660 proverbium,
630 2574 732 2635 virum
759 2574 892 2635 amicum
913 2570 1044 2653 :omnine
1073 2572 1249 2655 reliquisse,

154 2676 311 2760 designat.
342 2679 560 2761 Supplendum
582 2687 633 2742 est
651 2681 787 2742 verbum
814 2680 845 2740 in
866 2680 951 2740 initio
972 2680 1140 2762 proverbii.
1184 2677 1248 2758 Qui

153 2803 191 2846 se
212 2787 342 2847 alterum
364 2786 545 2848 relicturum
568 2806 644 2849 esse
664 2789 812 2872 minatur,
835 2786 911 2850 dieit
931 2785 1031 2890 04¹³*
1060 2783 1114 2884 df·
1138 2783 1246 2884 atu‘jtll

150 2907 227 2976 »na
254 2909 423 2972 »Profecto
445 2930 517 2975 eum
539 2911 725 2996 relinquam,
749 2912 1014 2994 quemadmodum
1037 2910 1151 2973 (loreas
1172 2911 1248 2973 lati·

152 3036 259 3097 bulum
279 3054 372 3098 suum
385 3037 547 3117 relinquite
571 3038 591 3098 i.
613 3055 640 3098 e.
661 3055 821 3118 nunquam
843 3037 884 3101 ad
903 3058 976 3100 eum
993 3037 1149 3099 rediturus
1164 3055 1245 3098 sum.

153 3142 411 3205 Samaehsehari.
433 3145 516 3206 conf.
538 3145 645 3206 Berth.
667 3165 698 3225 p.
719 3145 748 3207 7.
770 3153 849 3206 text.

150 3567 183 3633 2.
236 3561 384 3664 Reliqui
411 3589 497 3638 eum
522 3559 683 3638 similem
704 3563 809 3652 loeo,
855 3559 956 3634 unde
988 3586 1074 3662 pars
1108 3563 1246 3664 gummi
1379 3605 1381 3614 »

234 3686 361 3762 avulsa
386 3704 453 3763 est.

230 3831 358 3920 Reliqui
379 3858 452 3902 eum
464 3839 617 3903 amnibus
638 3840 733 3902 rebus
754 3847 929 3921 carentem,
951 3857 1024 3900 nam
1038 3838 1162 3918 inloeo,
1183 3855 1245 3931 un]

149 3944 190 4008 de
211 3947 331 4028 gummi
352 3948 503 4011 avulsum
525 3956 593 4034 est,
631 3947 699 4008 eius
724 3965 766 4007 ne
791 3945 967 4026 vestigium
993 3940 1118 4024 quidem
1148 3943 1244 4004 relin-

149 4053 260 4136 quitur.

1005 4408 1049 4480 u
