3004 4926
599 301 827 368 -529..

163 441 384 564 Athedjojadji
418 485 569 570 regionis.
584 483 741 576 Alsewad
772 484 877 549 dietae
910 485 1125 550 vastationem
1161 505 1258 570 quum

162 591 235 672 quis
264 601 397 674 questus
426 603 535 678 esset,
563 594 615 656 ille
640 595 738 658 boum
765 611 892 658 earnem
919 593 1099 677 interdixit,
1121 603 1157 659 ut
1176 613 1258 660 arva

161 708 367 780 augerentur.
409 701 628 784 Poeteligitur
650 702 744 764 dixit:

248 797 317 868 »De
345 807 486 890 regionis
522 809 680 876 Alsewad
717 809 823 873 diotae
850 807 1051 872 vastatione
1069 804 1155 888 apud
1186 825 1258 871 eum

160 912 265 994 quasti
285 932 414 995 sumus3
436 915 529 977 boum
551 915 647 1000 igitur
668 934 784 978 carnes
802 917 894 978 nobis
915 913 1084 978 interdixit.
1111 913 1156 976 Et
1176 923 1257 998 erat,

159 1019 428 1099 quemadmodum
456 1019 574 1084 dietum
604 1031 655 1086 est
682 1030 824 1106 tempore
852 1031 928 1104 post
949 1041 1039 1086 eum:
1068 1021 1205 1085 ostendo
1227 1017 1257 1084 ei

158 1127 287 1189 stellam
313 1128 438 1192 Alsoha
466 1138 499 1193 et
525 1131 632 1194 lunam
660 1132 737 1195 mihi
765 1130 932 1195 ostendito

244 1236 379 1318 Legitur
399 1245 508 1302 autern
532 1237 582 1319 (in
603 1241 719 1322 versu)
743 1242 815 1308 iti&
840 1276 884 1327 0*
907 1245 977 1326 M
1003 1237 1058 1312 los
1081 1238 1257 1322 ”quemd-

157 1335 436 1403 notandorum
464 1346 533 1424 est,
571 1349 645 1404 ante
672 1349 815 1405 nostrum
843 1348 999 1423 tempusa
1050 1337 1258 1403 Proverbium

160 1443 203 1507 de
224 1464 331 1510 errore
352 1445 548 1509 adhibetur«

160 1819 220 1890 27.
259 1811 454 1886 Interdum
474 1811 592 1886 frater
616 1814 684 1888 tibi
710 1831 776 1908 est,
803 1793 916 1920 quem
940 1832 1061 1889 mater
1087 1828 1153 1888 tua
1177 1837 1256 1888 non

264 1917 422 2017 peperit.

240 2040 450 2103 Proverbium
470 2041 532 2103 hoo
553 2040 720 2106 Lokmano
741 2042 899 2107 ben-Ahd
920 2040 1119 2106 adscribitur.
1160 2039 1254 2120 Quo-

159 2146 232 2210 dam
255 2147 306 2210 die
326 2149 386 2210 iter
408 2148 531 2211 iaciens
553 2168 649 2230 quum
674 2149 728 2212 siti
754 2151 933 2233 laboraret,
960 2150 992 2211 in
1012 2149 1253 2211 tabernaculum

157 2254 278 2317 intrans
304 2255 336 2317 in
364 2256 524 2318 vestibulo
550 2258 714 2320 mulierem
743 2275 816 2320 eum
839 2258 909 2319 viro
937 2257 1094 2317 iocantem
1121 2255 1253 2317 invenit.

155 2362 314 2446 Rogavit,
336 2372 372 2425 ut
390 2363 452 2424 sibi
470 2371 566 2444 potus
587 2363 728 2426 daretur.
759 2365 886 2447 Mulier,
908 2381 982 2447 num
1003 2363 1054 2424 lao
1076 2380 1117 2422 an
1138 2378 1254 2442 aquam

155 2467 235 2534 vie?
261 2471 347 2534 dixit.
387 2469 583 2552 Respondit:
606 2471 688 2538 sitne
714 2471 750 2560 t,
775 2474 841 2571 Uis
868 2471 944 2560 tagl
974 2470 1060 2530 »Aut
1081 2487 1177 2530 turum
1198 2477 1253 2535 aut

155 2595 292 2658 alterum
312 2595 388 2677 des,
409 2613 472 2655 uon
494 2593 554 2654 erit
574 2591 748 2674 iniquitas“
769 2614 853 2676 quae
874 2595 975 2657 verba
995 2593 1027 2656 iu
1048 2594 1253 2675 proverbium

153 2712 320 2766 venenant
361 2702 476 2764 Mulier
497 2701 591 2762 dixit:
612 2702 708 2783 „Lao
728 2721 811 2784 pone
833 2711 883 2784 te,
905 2721 989 2784 aqua
1009 2707 1084 2764 ante
1105 2709 1138 2764 te
1158 2697 1252 2782 est;“
1279 2777 1284 2789 Ι

154 2813 223 2874 tum
244 2813 430 2873 Lokmanus
449 2807 627 2889 respondit:
640 2813 725 2913 βε
751 2812 816 2908 015
840 2809 924 2913 ἕως
945 2809 1146 2892 „accuratio
1166 2810 1252 2872 fuis.

154 2941 208 2994 sat
235 2925 398 2994 brevior.“
444 2931 539 2993 Haeo
565 2929 640 2991 dum
668 2929 879 3012 gerebantur,
916 2947 1047 3009 puerum
1082 2925 1252 3008 conspexit
1301 2979 1305 2988 .

154 3041 341 3103 Lokmanus
362 3041 395 3102 in
414 3039 508 3102 domo
528 3039 722 3121 plorantem,
751 3037 841 3099 euius
866 3055 959 3099 nemo
981 3053 1091 3099 auram
1112 3033 1252 3096 habebat

154 3155 189 3209 et
210 3149 262 3209 oui
282 3148 409 3230 roganti
429 3156 522 3228 potus
542 3124 605 3208 nou
625 3139 879 3226 porrigebatur.“
923 3143 1018 3222 Quod
1039 3159 1134 3224 quum
1154 3140 1251 3205 vide-

154 3265 221 3340 ret,
243 3256 331 3318 dixit
374 3255 468 3337 Quod
488 3255 517 3318 si
536 3255 631 3317 vobis
656 3273 736 3334 puer
756 3255 818 3316 iste
838 3253 1018 3316 molestiam
1040 3260 1145 3338 areat,
1174 3249 1250 3314 milri

154 3385 229 3427 eum
258 3366 348 3450 date,
377 3374 413 3426 ut
439 3385 510 3426 eum
538 3363 679 3425 educam.
721 3362 813 3424 Dixit
837 3363 962 3423 mulier:
991 3362 1043 3422 ille
1069 3362 1167 3424 Hanii
1195 3368 1248 3424 est

153 3475 294 3551 (Hauius
315 3473 398 3536 enim
418 3473 557 3535 mulieris
579 3471 682 3533 mariti
696 3489 811 3532 nomon
829 3471 922 3544 orat).
956 3470 1046 3534 Dixit
1059 3471 1248 3530 Lokmauus

153 3584 250 3650 >nni
275 3619 319 3667 ς).
342 3585 443 3684 um>
473 3582 540 3665 „Et
561 3579 687 3640 Hanius
709 3598 752 3640 ox
772 3597 904 3640 numero
926 3571 1022 3661 ost,“
1045 3597 1126 3659 quae
1146 3575 1249 3640 verba

152 3708 185 3768 in
212 3706 416 3787 proverbium
441 3711 620 3767 cesserunt.
663 3705 746 3766 'l'um
774 3703 895 3766 mulieri
921 3703 1014 3766 dixit:
1037 3703 1108 3784 quis
1138 3709 1246 3764 autem

153 3814 280 3876 iuvenis
301 3813 342 3874 ad
360 3815 442 3874 latus
464 3808 577 3876 tuum‘l
605 3832 678 3875 uam
707 3833 779 3876 euru
807 3832 869 3874 uon
897 3829 974 3874 esse
995 3811 1139 3874 maritum
1160 3817 1248 3872 tuum

152 3924 231 3984 saio.
267 3922 382 3984 Mulier
401 3920 580 4001 respondit:
606 3922 719 3984 llrater
739 3938 830 3984 meus
851 3927 911 3982 est.
944 3919 1131 3980 Lokmanus
1153 3915 1247 3982 dixitz

152 4030 314 4094 Interdum
335 4031 432 4092 irater
452 4029 509 4091 tibi
528 4038 590 4112 est,
621 4049 717 4114 quem
736 4037 839 4092 mater
859 4039 916 4092 tna
934 4047 998 4092 non
1019 4025 1152 4112 peperit,
1175 4045 1248 4111 quet

153 4140 255 4203 verba
274 4137 306 4198 in
327 4134 485 4217 proverbii
513 4135 776 4200 consuetudinem
803 4141 969 4198 venerunt
1013 4133 1120 4214 Quum
1141 4141 1246 4200 auton

154 4246 345 4310 Lokrnnnus
373 4263 416 4308 ex
441 4240 553 4328 modo,
583 4262 646 4327 quo
671 4245 864 4312 camelorum
890 4241 945 4326 pili
964 4239 996 4308 in
1016 4241 1143 4310 turbu·
1163 4259 1247 4308 oon·
