3004 4926
687 323 919 390 ...540-

262 497 412 585 wrjjnnus
432 503 539 588 oppon
557 489 707 573 neniae
731 507 894 591 praeraso
914 507 1074 573 mwanoo
1095 509 1356 595 een-Anum,

262 620 299 674 ut
314 611 574 678 0m.-Chalidam
594 614 635 678 de
656 635 691 678 re
712 616 878 678 certiorem
898 617 1021 679 iaceret
1041 625 1075 679 et
1095 626 1131 680 ut
1151 619 1206 682 illa
1226 628 1355 702 tempus

261 730 336 806 post
362 718 526 807 repudium
553 721 637 818 (aaa
664 722 876 805 appellatum)
903 721 1143 811 ingrederetur,
1174 726 1356 808 imperavit.

262 825 422 905 Tempore
456 830 564 886 autern
596 832 670 904 post
703 823 866 906 repudium
904 843 947 886 ex
981 823 1108 907 legibus
1142 825 1232 889 finito
1257 827 1358 890 Abu-

260 931 482 1016 Horairahnm,
502 931 554 994 cui
571 931 743 1014 sexaginta
762 932 858 994 millia
878 949 1048 996 aureorum
1069 933 1252 1016 tradiderat,
1274 934 1357 996 Me-

261 1037 365 1102 dinam
393 1038 497 1122 misit,
526 1046 563 1100 nt
592 1056 650 1120 pro
677 1032 792 1102 Jasido
823 1037 1086 1104 Om-Chalidam
1120 1049 1289 1122 expeteret
1321 1050 1358 1104 et

261 1147 376 1230 viginti
396 1145 492 1209 millia
513 1164 681 1208 aureorum
702 1145 774 1208 loco
790 1145 884 1232 dotis,
901 1147 1016 1228 viginti
1035 1146 1130 1210 miliia
1150 1146 1358 1210 inhonorem

261 1253 388 1354 (sats)
416 1262 449 1316 et
475 1253 590 1336 viginti
618 1255 716 1320 millia
741 1253 823 1317 dono
851 1255 881 1317 ei
917 1255 1055 1318 offerret
1102 1258 1212 1320 Noctu
1247 1264 1358 1320 autem

261 1373 359 1438 quum
379 1353 671 1419 Abu-Horairuhus
691 1351 856 1417 Medicam
875 1356 1087 1438 pervenisset,
1108 1359 1240 1438 postero
1260 1375 1357 1418 mane

261 1461 498 1546 adprophetae
519 1464 702 1545 sepulcrum
722 1461 857 1524 tendens
878 1463 1017 1544 pluribus
1037 1465 1134 1548 viris,
1158 1483 1200 1526 ex
1222 1481 1355 1546 quorum

260 1589 391 1634 numero
411 1571 596 1635 Adrasanns
617 1581 651 1636 et
669 1571 866 1636 Alhosainns
886 1570 971 1632 Ahlii
992 1570 1048 1634 iiiii
1068 1579 1175 1656 erant,
1204 1572 1355 1654 occurrit,

261 1679 315 1761 qui
335 1678 376 1742 de
396 1680 516 1742 itineris
538 1695 638 1742 causa
667 1677 820 1740 certiores
847 1677 925 1739 sacti
951 1694 1063 1739 ornnes
1091 1697 1164 1741 eum
1191 1686 1354 1763 rogarunt,

260 1794 296 1849 ut
332 1785 417 1868 apud
451 1782 715 1849 Om-Chaiidam
747 1783 954 1846 honorificam
987 1783 1127 1865 ipsorum
1162 1786 1354 1848 mentionem

260 1893 393 1958 faceret.
437 1892 544 1972 Quum
570 1893 665 1975 igitur
692 1891 999 1956 Abu-Horairahus
1034 1892 1159 1955 mulieri
1194 1891 1353 1956 adventus

260 2016 393 2064 causam
422 1999 626 2080 exposuisset
653 2007 687 2061 et
716 1999 850 2062 aliorum
881 2016 1008 2081 quoquo
1034 2000 1097 2080 ipsi
1125 2002 1354 2064 occurrentium

260 2107 445 2170 nominatim
466 2107 656 2170 mentionem
682 2106 836 2185 iecisset,
864 2107 977 2168 mulier
1004 2107 1092 2170 dixit.
1136 2108 1230 2188 Quod
1252 2111 1281 2172 si
1303 2119 1357 2173 tua

260 2215 419 2279 sententie
446 2233 510 2277 non
538 2215 663 2277 omnino
692 2211 797 2276 differt
823 2232 845 2277 a
869 2233 963 2296 mea,
995 2216 1037 2278 nit
1065 2215 1175 2298 cupio,
1211 2218 1293 2300 nisi,
1322 2226 1357 2280 ut

259 2323 412 2388 Meccam
443 2323 649 2405 proficiscens
686 2322 718 2384 in
751 2321 860 2404 tempii
892 2321 1056 2385 vicinitate
1085 2321 1231 2386 habitans
1268 2326 1355 2388 vitae

260 2429 357 2496 dnern
384 2440 581 2514 exspectem.
625 2431 708 2494 'l'um
735 2430 1057 2494 Abu-Horairahus:
1084 2432 1171 2494 Huic
1197 2440 1251 2495 tuo
1273 2451 1355 2496 con-

260 2542 331 2606 silio
353 2539 504 2606 adsentiri
529 2561 592 2604 non
618 2560 760 2623 possum.
801 2541 896 2623 Elige
922 2541 1019 2623 igitur
1047 2541 1130 2602 iuter
1158 2543 1247 2604 viros
1280 2544 1358 2606 mihi

260 2651 445 2735 coniugem,
484 2649 564 2712 dixit
595 2651 715 2712 mulier.
768 2649 815 2712 At
846 2648 1169 2730 Abu-Horairahns3
1205 2650 1260 2713 tibi
1293 2652 1357 2734 ipsi

259 2758 407 2822 maritum
436 2747 554 2840 eligas!
597 2757 744 2840 Minime,
773 2756 871 2838 iuquit
895 2756 1022 2836 mulier,
1050 2755 1182 2838 faciam,
1211 2757 1268 2820 tibi
1296 2778 1354 2840 pro

260 2884 313 2928 me
334 2861 516 2947 eligendum
537 2871 597 2926 est.
635 2862 693 2928 Sic
715 2871 851 2926 coaetus
875 2863 965 2947 dixit,
987 2863 1073 2946 quod
1093 2863 1135 2927 ad
1156 2885 1209 2928 me
1229 2866 1354 2950 attinet,

249 2950 316 3032 'tibi
346 2969 505 3032 dominum
535 2988 651 3044 meum,
683 2969 823 3050 paradisi
852 2968 1026 3032 incolarum
1064 2971 1225 3057 invenem,
1261 2974 1357 3056 eligo.

260 3075 375 3138 Mulier
396 3094 434 3138 se
455 3075 533 3157 isto,
554 3075 678 3138 scilicet
698 3076 863 3138 Alhasano
888 3075 1046 3139 ben-Atti
1067 3086 1248 3142 contentam
1270 3098 1356 3165 esse,

261 3181 447 3248 declaravit.
491 3181 583 3262 Quae
605 3191 673 3245 erat
694 3201 812 3267 causa,
842 3193 877 3247 ut
897 3185 1085 3248 Athasanus
1107 3207 1178 3250 eam
1201 3189 1241 3250 ab
1260 3189 1357 3251 Abu·

261 3287 440 3352 Horairaho
467 3289 498 3350 in
524 3289 754 3354 matrimonium
782 3292 953 3374 acciperet.
989 3294 1285 3358 Abu-Horairahus
1313 3315 1356 3358 ex

260 3397 371 3460 itinere
398 3395 500 3460 redux
526 3395 577 3460 his
605 3399 713 3462 verbis
742 3401 783 3462 ab
815 3398 1083 3482 Almoahwijjaho
1114 3412 1266 3486 receptus
1295 3413 1357 3468 est.

260 3504 339 3570 nisi
361 3511 412 3586 te,
447 3512 484 3566 ut
508 3524 565 3586 pro
591 3506 655 3570 filio
677 3527 749 3570 meo
771 3528 842 3571 eam
861 3510 893 3570 in
914 3510 1146 3573 matrimonium
1169 3522 1356 3598 expeteres,

260 3635 324 3683 non
350 3625 385 3679 ut
414 3622 564 3698 tauquam
593 3617 641 3679 rei
669 3617 858 3682 vendendae
892 3619 1074 3701 praefectus
1108 3639 1227 3684 essese
1273 3626 1355 3686 'l'um

259 3723 560 3788 Abu-Horairahns
588 3725 763 3806 respondit:
795 3727 872 3789 nilla
897 3745 949 3788 me
971 3729 1145 3814 consuluit,
1176 3731 1227 3813 qni
1247 3740 1354 3794 autem

146 3813 155 3834 ¹
261 3833 445 3916 merctur,
466 3831 647 3908 suessae
669 3832 792 3896 uenata
808 3833 882 3915 ,Αιι
899 3853 968 3916 que
987 3835 1240 3918 moahwijjanus
1262 3839 1355 3904 emt:

454 3935 569 4006 ears
602 3937 681 4046 tien
707 3965 754 4036 ap,
856 3938 952 4006 ete
983 3941 1028 4013 ,o
1053 3943 1158 4042 &kei

648 4041 748 4107 eat>
764 4048 825 4135 ,pi
850 4040 943 4121 t§.fii

264 4143 387 4211 »Salva
413 4149 461 4214 sis
484 4151 734 4235 Om-Chalida,
755 4171 855 4234 saepe
875 4153 1003 4237 quidam
1024 4157 1049 4220 it
1068 4175 1125 4238 pro
1145 4155 1299 4242 sedente,
1323 4170 1356 4223 et

302 4269 403 4337 saepe
423 4257 524 4324 edens
543 4279 607 4323 non
625 4257 762 4323 landate
