3014 4936
693 329 919 396 um*-

262 519 321 589 80.
370 512 554 613 Relinque
577 513 728 623 malum,
753 527 791 586 te
812 512 1009 614 relinquet.

345 662 408 743 Qui
427 665 511 726 malo
531 682 568 726 se
589 665 730 747 exponit,
752 682 823 726 eum
840 664 975 747 attingit.
991 664 1101 727 Verba
1114 665 1196 727 haee
1208 663 1353 726 hottma-

260 791 372 837 manus
385 773 448 837 fflio
464 789 523 836 suo
539 771 661 835 dixisse
674 771 782 838 fertur.
813 771 1080 854 Soharaf-Aldin,
1104 771 1352 837 Samaohsehar.

258 1151 320 1226 81.
371 1142 501 1246 Pereat
525 1137 753 1214 festinantia!

341 1290 549 1356 Abu-Saido
578 1290 679 1354 ltindo
707 1289 871 1370 Ajesehae
904 1289 990 1353 filiae
1025 1288 1147 1354 Saahdi
1173 1289 1350 1353 ben-Abi-

257 1400 414 1464 Wakkan
435 1399 540 1461 elienti
566 1397 766 1478 proverbium
788 1396 939 1458 tribuitur.
979 1397 1033 1462 Ab
1054 1395 1200 1477 Ajeseha
1220 1398 1349 1476 missus,

133 1520 136 1529 ¹
214 1519 216 1526 ’
257 1515 292 1569 ut
311 1507 418 1590 ignem
439 1505 580 1588 afferret,
601 1512 730 1587 gentem
751 1497 986 1587 inlAegyptum
1008 1503 1233 1583 profiscentem
1253 1503 1350 1566 inve-

256 1617 312 1701 nit,
335 1623 460 1677 etcum
481 1615 520 1675 iis
541 1614 601 1675 iter
621 1614 788 1694 ingressus
809 1622 870 1674 est.
912 1610 990 1673 Inde
1011 1619 1085 1691 post
1113 1613 1186 1673 anni
1213 1614 1350 1693 spatitun

255 1717 349 1780 rediit
372 1727 405 1780 et
425 1718 531 1800 ignem
559 1715 698 1778 afferens
725 1717 871 1778 eoourrit.
913 1718 999 1777 luter
1027 1714 1211 1778 sumendum
1242 1722 1350 1778 autem

255 1844 353 1908 quum
375 1825 584 1907 caespitaret,
612 1832 646 1885 ut
666 1841 784 1905 prunae
805 1823 1080 1909 dispergerentur,
1113 1823 1349 1888 festinationem

253 1935 439 2014 vituperans
459 1933 523 1994 ista
542 1931 643 1995 verba
662 1931 751 1995 dixit
772 1931 938 1996 Proverbii
955 1931 1147 1994 mentionem
1164 1931 1242 1994 feeit
1254 1941 1352 2013 poeta

254 2042 285 2102 in
306 2037 398 2101 hisee
418 2038 565 2101 versibus

352 2371 748 2492 »eosdem
848 2365 1252 2521 aalma..
1391 2363 1396 2382 ²

252 2589 347 2652 „Non
366 2597 515 2670 putamus
536 2588 780 2672 eumeorabo,
803 2609 910 2675 quem,
931 2565 970 2655 ut¹
983 2609 1122 2674 pannum
1138 2594 1359 2676 cumignitas

293 2696 365 2759 bulo
385 2696 536 2782 adferret,
558 2699 757 2784 miseramus,
779 2699 882 2761 virum
904 2699 1080 2781 eomparari
1100 2717 1198 2781 posse
1218 2711 1347 2782 praeter

292 2801 437 2887 llindum,
461 2823 554 2886 quem
576 2813 612 2867 ut
631 2806 737 2889 ignem
759 2804 909 2888 adferret,
931 2807 1089 2880 miserant.
1120 2807 1267 2870 Substitit
1283 2807 1344 2872 a'u-

292 2917 357 2973 tem
372 2911 422 2973 ille
436 2929 494 2993 per
509 2913 581 2974 anni
595 2913 731 2992 spatium
747 2921 779 2973 et
794 2921 859 2975 tum
871 2913 1107 2976 festinationem
1119 2914 1342 2995 vituperavita

333 3041 419 3105 Sunt
440 3051 544 3105 autem
567 3043 620 3123 qui
641 3044 795 3126 inpriore
815 3063 914 3107 versu
941 3047 1130 3108 vocabulum
1158 3048 1343 3124 mi

250 3183 322 3228 etun
348 3167 455 3228 voeali
474 3167 606 3230 lfatha
634 3169 866 3232 enunciandum
893 3189 968 3234 esse
998 3184 1169 3259 censeant,
1198 3185 1233 3239 ut
1258 3176 1342 3240 latus

249 3273 495 3354 Septentrionis,
517 3292 578 3355 quo
601 3275 759 3339 Noaehus
782 3295 914 3340 corvum
935 3279 1063 3342 misisse
1084 3279 1214 3366 dieitur,
1236 3286 1342 3368 signi-

248 3381 332 3444 fioet.
374 3382 514 3443 Mettum
537 3401 657 3446 versus
677 3384 793 3448 llaml
814 3389 1004 3468 appellatum
1025 3398 1084 3455 est.
1106 3392 1189 3454 oonf.
1210 3393 1277 3454 libr.
1298 3414 1340 3458 m.

247 3508 278 3570 p.
297 3489 360 3554 2³8
380 3509 427 3574 sq.

329 3603 416 3664 Ante
436 3603 499 3665 hoo
518 3606 719 3684 proverbium
739 3581 922 3671 Poeoukius
941 3612 1142 3690 proverbium
1163 3613 1238 3715 ,fill
1260 3616 1340 3711 ῳρ·

251 3727 442 3790 nVaeillavit
462 3729 617 3809 populosa
639 3731 783 3811 inseruit,
806 3731 889 3812 quod
912 3732 949 3795 C.
971 3735 1063 3818 xxl,
1084 3735 1134 3800 st.
1156 3738 1280 3821 legitur.

412 3889 581 4046 s.
618 3889 722 4044 ss
757 3897 949 4085 orat
973 3897 1092 4055 ,ts-
1162 3955 1205 4033 .

246 4125 303 4195 82.
354 4121 543 4197 Decidunt
579 4122 801 4198 calamitates
836 4127 977 4204 circum
1019 4159 1103 4208 eum
1148 4151 1182 4209 et
1226 4139 1337 4214 ineo-

358 4245 467 4322 lumis
492 4264 555 4322 est.
