<?xml version="1.0" encoding="UTF-8"?>
<!DOCTYPE html PUBLIC "-//W3C//DTD XHTML 1.0 Transitional//EN"
    "http://www.w3.org/TR/xhtml1/DTD/xhtml1-transitional.dtd">
<html xmlns="http://www.w3.org/1999/xhtml" xml:lang="en" lang="en">
 <head>
  <title>
</title>
<meta http-equiv="Content-Type" content="text/html;charset=utf-8" />
  <meta name='ocr-system' content='tesseract 3.04.00' />
  <meta name='ocr-capabilities' content='ocr_page ocr_carea ocr_par ocr_line ocrx_word'/>
</head>
<body>
  <div class='ocr_page' id='page_1' title='image "./arabumproverbia04alfgoog_0060.png"; bbox 0 0 2988 4952; ppageno 0'>
   <div class='ocr_carea' id='block_1_1' title="bbox 186 533 1240 834">
    <p class='ocr_par' dir='ltr' id='par_1_1' title="bbox 186 533 1240 834">
     <span class='ocr_line' id='line_1_1' title="bbox 186 533 1240 618; baseline 0.001 -26"><span class='ocrx_word' id='word_1_1' title='bbox 186 533 267 593; x_wconf 87' lang='lat' dir='ltr'><strong>filius</strong></span> <span class='ocrx_word' id='word_1_2' title='bbox 288 533 449 614; x_wconf 91' lang='lat' dir='ltr'><strong>imperium</strong></span> <span class='ocrx_word' id='word_1_3' title='bbox 470 533 641 616; x_wconf 85' lang='lat' dir='ltr'><strong>tenebunt,</strong></span> <span class='ocrx_word' id='word_1_4' title='bbox 670 553 722 595; x_wconf 90' lang='lat' dir='ltr'><strong>me</strong></span> <span class='ocrx_word' id='word_1_5' title='bbox 743 552 875 618; x_wconf 80' lang='lat' dir='ltr'><strong>gerere,</strong></span> <span class='ocrx_word' id='word_1_6' title='bbox 904 553 945 597; x_wconf 81' lang='lat' dir='ltr'><strong>ac</strong></span> <span class='ocrx_word' id='word_1_7' title='bbox 973 537 1002 597; x_wconf 84' lang='lat' dir='ltr'><strong>si</strong></span> <span class='ocrx_word' id='word_1_8' title='bbox 1022 551 1139 595; x_wconf 76' lang='lat' dir='ltr'><strong>corvus</strong></span> <span class='ocrx_word' id='word_1_9' title='bbox 1161 534 1240 594; x_wconf 87' lang='lat' dir='ltr'><strong>inter</strong></span> 
     </span>
     <span class='ocr_line' id='line_1_2' title="bbox 186 640 675 703; baseline -0.002 -3"><span class='ocrx_word' id='word_1_10' title='bbox 186 659 275 702; x_wconf 85' lang='lat' dir='ltr'><strong>meos</strong></span> <span class='ocrx_word' id='word_1_11' title='bbox 296 641 405 703; x_wconf 81' lang='lat' dir='ltr'><strong>oculus</strong></span> <span class='ocrx_word' id='word_1_12' title='bbox 427 640 675 702; x_wconf 72' lang='lat' dir='ltr'><strong>descendisset«</strong></span> 
     </span>
     <span class='ocr_line' id='line_1_3' title="bbox 227 748 967 834; baseline 0.004 -26"><span class='ocrx_word' id='word_1_13' title='bbox 227 749 364 810; x_wconf 87' lang='lat' dir='ltr'><strong>Metrum</strong></span> <span class='ocrx_word' id='word_1_14' title='bbox 386 748 510 809; x_wconf 75' lang='lat' dir='ltr'><strong>&#39;l&#39;hewil</strong></span> <span class='ocrx_word' id='word_1_15' title='bbox 532 757 583 809; x_wconf 86' lang='lat' dir='ltr'><strong>est</strong></span> <span class='ocrx_word' id='word_1_16' title='bbox 605 749 687 810; x_wconf 87' lang='lat' dir='ltr'><strong>conf.</strong></span> <span class='ocrx_word' id='word_1_17' title='bbox 709 751 759 811; x_wconf 91' lang='lat' dir='ltr'><strong>lib.</strong></span> <span class='ocrx_word' id='word_1_18' title='bbox 782 771 822 813; x_wconf 92' lang='lat' dir='ltr'><strong>m.</strong></span> <span class='ocrx_word' id='word_1_19' title='bbox 843 772 874 834; x_wconf 88' lang='lat' dir='ltr'><strong>p.</strong></span> <span class='ocrx_word' id='word_1_20' title='bbox 899 753 967 814; x_wconf 77' lang='grc'><strong>162.</strong></span> 
     </span>
    </p>
   </div>
   <div class='ocr_carea' id='block_1_2' title="bbox 148 869 1087 1216">
    <p class='ocr_par' dir='ltr' id='par_1_2' title="bbox 148 869 1087 1216">
     <span class='ocr_line' id='line_1_4' title="bbox 273 869 1087 1064; baseline 0.007 -57"><span class='ocrx_word' id='word_1_21' title='bbox 273 1046 284 1064; x_wconf 14' lang='grc' dir='ltr'>ἢ</span> <span class='ocrx_word' id='word_1_22' title='bbox 333 869 479 1036; x_wconf 51' lang='lat' dir='ltr'><strong>unii</strong></span> <span class='ocrx_word' id='word_1_23' title='bbox 508 886 610 1064; x_wconf 57' lang='grc' dir='ltr'><strong>1ζρ</strong></span> <span class='ocrx_word' id='word_1_24' title='bbox 649 882 812 1015; x_wconf 58' lang='lat' dir='ltr'><strong>det}</strong></span> <span class='ocrx_word' id='word_1_25' title='bbox 849 899 898 1014; x_wconf 72' lang='lat' dir='ltr'><strong>u</strong></span> <span class='ocrx_word' id='word_1_26' title='bbox 934 897 979 1046; x_wconf 62' lang='lat' dir='ltr'><strong>gt</strong></span> <span class='ocrx_word' id='word_1_27' title='bbox 1052 938 1087 1015; x_wconf 81' lang='grc' dir='ltr'><strong>ι.</strong></span> 
     </span>
     <span class='ocr_line' id='line_1_5' title="bbox 148 1056 1078 1216; baseline -0.001 -27"><span class='ocrx_word' id='word_1_28' title='bbox 148 1119 228 1190; x_wconf 88' lang='grc'>110.</span> <span class='ocrx_word' id='word_1_29' title='bbox 279 1117 363 1212; x_wconf 79' lang='lat' dir='ltr'><strong>Ego</strong></span> <span class='ocrx_word' id='word_1_30' title='bbox 389 1118 418 1188; x_wconf 87' lang='lat' dir='ltr'><strong>si</strong></span> <span class='ocrx_word' id='word_1_31' title='bbox 445 1114 552 1188; x_wconf 85' lang='lat' dir='ltr'><strong>ulcus</strong></span> <span class='ocrx_word' id='word_1_32' title='bbox 579 1116 688 1205; x_wconf 86' lang='lat' dir='ltr'><strong>frico,</strong></span> <span class='ocrx_word' id='word_1_33' title='bbox 717 1056 935 1216; x_wconf 51' lang='lat' dir='ltr'><strong>sanguinein</strong></span> <span class='ocrx_word' id='word_1_34' title='bbox 960 1057 1078 1192; x_wconf 55' lang='lat' dir='ltr'><strong>glicio.</strong></span> 
     </span>
    </p>
   </div>
   <div class='ocr_carea' id='block_1_3' title="bbox 141 1265 1240 1890">
    <p class='ocr_par' dir='ltr' id='par_1_3' title="bbox 141 1265 1240 1890">
     <span class='ocr_line' id='line_1_6' title="bbox 226 1265 1237 1350; baseline 0.006 -23"><span class='ocrx_word' id='word_1_35' title='bbox 226 1266 277 1327; x_wconf 87' lang='lat' dir='ltr'><strong>De</strong></span> <span class='ocrx_word' id='word_1_36' title='bbox 304 1267 373 1328; x_wconf 89' lang='lat' dir='ltr'><strong>vire</strong></span> <span class='ocrx_word' id='word_1_37' title='bbox 400 1268 473 1329; x_wconf 84' lang='lat' dir='ltr'><strong>furti</strong></span> <span class='ocrx_word' id='word_1_38' title='bbox 503 1277 535 1329; x_wconf 92' lang='lat' dir='ltr'><strong>et</strong></span> <span class='ocrx_word' id='word_1_39' title='bbox 564 1265 644 1329; x_wconf 91' lang='lat' dir='ltr'><strong>duro</strong></span> <span class='ocrx_word' id='word_1_40' title='bbox 673 1267 846 1331; x_wconf 77' lang='lat' dir='ltr'><strong>adhibetur.</strong></span> <span class='ocrx_word' id='word_1_41' title='bbox 889 1270 1006 1332; x_wconf 83' lang='lat' dir='ltr'><strong>Verbis</strong></span> <span class='ocrx_word' id='word_1_42' title='bbox 1029 1270 1080 1332; x_wconf 85' lang='lat' dir='ltr'><strong>his</strong></span> <span class='ocrx_word' id='word_1_43' title='bbox 1105 1271 1237 1350; x_wconf 86' lang='lat' dir='ltr'><strong>primum</strong></span> 
     </span>
     <span class='ocr_line' id='line_1_7' title="bbox 143 1374 1238 1460; baseline 0.005 -27"><span class='ocrx_word' id='word_1_44' title='bbox 143 1390 219 1433; x_wconf 85' lang='lat' dir='ltr'><strong>usus</strong></span> <span class='ocrx_word' id='word_1_45' title='bbox 248 1391 322 1434; x_wconf 82' lang='lat' dir='ltr'><strong>esse</strong></span> <span class='ocrx_word' id='word_1_46' title='bbox 351 1374 462 1435; x_wconf 90' lang='lat' dir='ltr'><strong>dicitur</strong></span> <span class='ocrx_word' id='word_1_47' title='bbox 489 1375 650 1437; x_wconf 84' lang='lat' dir='ltr'><strong>Ahmruus</strong></span> <span class='ocrx_word' id='word_1_48' title='bbox 671 1375 898 1458; x_wconf 20' lang='lat' dir='ltr'><strong>&#39;ben-Aluhz,</strong></span> <span class='ocrx_word' id='word_1_49' title='bbox 927 1377 978 1457; x_wconf 90' lang='lat' dir='ltr'><strong>qui</strong></span> <span class='ocrx_word' id='word_1_50' title='bbox 1006 1395 1045 1438; x_wconf 84' lang='lat' dir='ltr'><strong>ee</strong></span> <span class='ocrx_word' id='word_1_51' title='bbox 1073 1377 1238 1460; x_wconf 81' lang='lat' dir='ltr'><strong>proferret,</strong></span> 
     </span>
     <span class='ocr_line' id='line_1_8' title="bbox 144 1481 1239 1559; baseline 0.005 -19"><span class='ocrx_word' id='word_1_52' title='bbox 144 1499 238 1559; x_wconf 92' lang='lat' dir='ltr'><strong>quum</strong></span> <span class='ocrx_word' id='word_1_53' title='bbox 260 1481 468 1546; x_wconf 87' lang='lat' dir='ltr'><strong>0htsmenum</strong></span> <span class='ocrx_word' id='word_1_54' title='bbox 490 1483 636 1546; x_wconf 85' lang='lat' dir='ltr'><strong>chulisem</strong></span> <span class='ocrx_word' id='word_1_55' title='bbox 662 1483 703 1548; x_wconf 85' lang='lat' dir='ltr'><strong>ub</strong></span> <span class='ocrx_word' id='word_1_56' title='bbox 732 1483 865 1548; x_wconf 80' lang='lat' dir='ltr'><strong>inimicis</strong></span> <span class='ocrx_word' id='word_1_57' title='bbox 887 1483 1056 1548; x_wconf 79' lang='lat' dir='ltr'><strong>obsessum</strong></span> <span class='ocrx_word' id='word_1_58' title='bbox 1086 1490 1118 1543; x_wconf 89' lang='lat' dir='ltr'><strong>et</strong></span> <span class='ocrx_word' id='word_1_59' title='bbox 1148 1485 1239 1545; x_wconf 90' lang='lat' dir='ltr'><strong>oeci·</strong></span> 
     </span>
     <span class='ocr_line' id='line_1_9' title="bbox 143 1589 1239 1672; baseline 0.005 -23"><span class='ocrx_word' id='word_1_60' title='bbox 143 1606 213 1650; x_wconf 85' lang='lat' dir='ltr'><strong>sum</strong></span> <span class='ocrx_word' id='word_1_61' title='bbox 242 1608 334 1672; x_wconf 83' lang='lat' dir='ltr'><strong>esse,</strong></span> <span class='ocrx_word' id='word_1_62' title='bbox 369 1593 506 1653; x_wconf 90' lang='lat' dir='ltr'><strong>nuntium</strong></span> <span class='ocrx_word' id='word_1_63' title='bbox 535 1593 722 1672; x_wconf 82' lang='lat' dir='ltr'><strong>uscepisset.</strong></span> <span class='ocrx_word' id='word_1_64' title='bbox 773 1592 949 1653; x_wconf 86' lang='lat' dir='ltr'><strong>Ahmruum</strong></span> <span class='ocrx_word' id='word_1_65' title='bbox 984 1589 1173 1654; x_wconf 79' lang='lat' dir='ltr'><strong>ben-Aluh&#39;z</strong></span> <span class='ocrx_word' id='word_1_66' title='bbox 1199 1592 1239 1654; x_wconf 82' lang='lat' dir='ltr'><strong>eb</strong></span> 
     </span>
     <span class='ocr_line' id='line_1_10' title="bbox 141 1698 1240 1780; baseline 0.004 -22"><span class='ocrx_word' id='word_1_67' title='bbox 141 1699 271 1779; x_wconf 71' lang='lat' dir='ltr'><strong>imperite</strong></span> <span class='ocrx_word' id='word_1_68' title='bbox 301 1699 425 1780; x_wconf 83' lang='lat' dir='ltr'><strong>Egypti</strong></span> <span class='ocrx_word' id='word_1_69' title='bbox 449 1706 632 1761; x_wconf 84' lang='lat' dir='ltr'><strong>removeret</strong></span> <span class='ocrx_word' id='word_1_70' title='bbox 662 1699 867 1763; x_wconf 82' lang='lat' dir='ltr'><strong>Ohtsmenus.</strong></span> <span class='ocrx_word' id='word_1_71' title='bbox 917 1698 1058 1759; x_wconf 84' lang='lat' dir='ltr'><strong>inlibris</strong></span> <span class='ocrx_word' id='word_1_72' title='bbox 1081 1699 1240 1762; x_wconf 81' lang='lat' dir='ltr'><strong>Scheref-</strong></span> 
     </span>
     <span class='ocr_line' id='line_1_11' title="bbox 141 1801 1238 1890; baseline 0.002 -22"><span class='ocrx_word' id='word_1_73' title='bbox 141 1807 248 1868; x_wconf 87' lang='lat' dir='ltr'><strong>Aldini</strong></span> <span class='ocrx_word' id='word_1_74' title='bbox 265 1815 301 1868; x_wconf 52' lang='lat' dir='ltr'><strong>‘et</strong></span> <span class='ocrx_word' id='word_1_75' title='bbox 322 1807 580 1871; x_wconf 77' lang='lat' dir='ltr'><strong>Sumechschurii</strong></span> <span class='ocrx_word' id='word_1_76' title='bbox 601 1811 637 1890; x_wconf 57' lang='lat' dir='ltr'><strong>gi</strong></span> <span class='ocrx_word' id='word_1_77' title='bbox 663 1808 695 1870; x_wconf 89' lang='lat' dir='ltr'><strong>in</strong></span> <span class='ocrx_word' id='word_1_78' title='bbox 716 1808 803 1870; x_wconf 84' lang='lat' dir='ltr'><strong>initiu</strong></span> <span class='ocrx_word' id='word_1_79' title='bbox 823 1801 984 1888; x_wconf 80' lang='lat' dir='ltr'><strong>proverbii</strong></span> <span class='ocrx_word' id='word_1_80' title='bbox 1000 1808 1157 1870; x_wconf 78' lang='lat' dir='ltr'><strong>omissum</strong></span> <span class='ocrx_word' id='word_1_81' title='bbox 1180 1819 1238 1871; x_wconf 87' lang='lat' dir='ltr'><strong>est.</strong></span> 
     </span>
    </p>
   </div>
   <div class='ocr_carea' id='block_1_4' title="bbox 139 1925 1240 2357">
    <p class='ocr_par' dir='ltr' id='par_1_4' title="bbox 139 1925 1240 2357">
     <span class='ocr_line' id='line_1_12' title="bbox 139 1925 1240 2015; baseline 0.002 -21"><span class='ocrx_word' id='word_1_82' title='bbox 139 1935 212 1996; x_wconf 82' lang='lat' dir='ltr'><strong>Hae</strong></span> <span class='ocrx_word' id='word_1_83' title='bbox 239 1952 323 1996; x_wconf 84' lang='lat' dir='ltr'><strong>voce</strong></span> <span class='ocrx_word' id='word_1_84' title='bbox 355 1935 474 1996; x_wconf 76' lang='lat' dir='ltr'><strong>omissa</strong></span> <span class='ocrx_word' id='word_1_85' title='bbox 497 1933 657 2015; x_wconf 84' lang='lat' dir='ltr'><strong>proverbii</strong></span> <span class='ocrx_word' id='word_1_86' title='bbox 677 1943 813 1996; x_wconf 82' lang='lat' dir='ltr'><strong>metrum</strong></span> <span class='ocrx_word' id='word_1_87' title='bbox 834 1933 995 2014; x_wconf 82' lang='lat' dir='ltr'><strong>Redjes</strong></span> <span class='ocrx_word' id='word_1_88' title='bbox 1025 1925 1084 1996; x_wconf 87' lang='lat' dir='ltr'><strong>est.</strong></span> <span class='ocrx_word' id='word_1_89' title='bbox 1114 1935 1198 1995; x_wconf 84' lang='lat' dir='ltr'><strong>conf.</strong></span> <span class='ocrx_word' id='word_1_90' title='bbox 1220 1938 1240 1998; x_wconf 87' lang='lat'><strong>1.</strong></span> 
     </span>
     <span class='ocr_line' id='line_1_13' title="bbox 141 2041 1238 2132; baseline 0.005 -29"><span class='ocrx_word' id='word_1_91' title='bbox 141 2062 181 2106; x_wconf 87' lang='lat' dir='ltr'><strong>m.</strong></span> <span class='ocrx_word' id='word_1_92' title='bbox 203 2063 233 2123; x_wconf 89' lang='lat' dir='ltr'><strong>p.</strong></span> <span class='ocrx_word' id='word_1_93' title='bbox 254 2041 318 2105; x_wconf 73' lang='lat'><strong>230</strong></span> <span class='ocrx_word' id='word_1_94' title='bbox 339 2060 387 2121; x_wconf 89' lang='lat' dir='ltr'><strong>sq.</strong></span> <span class='ocrx_word' id='word_1_95' title='bbox 430 2042 520 2102; x_wconf 81' lang='lat' dir='ltr'><strong>Loco</strong></span> <span class='ocrx_word' id='word_1_96' title='bbox 541 2043 642 2104; x_wconf 77' lang='lat' dir='ltr'><strong>vocis.</strong></span> <span class='ocrx_word' id='word_1_97' title='bbox 657 2042 791 2130; x_wconf 62' lang='grc' dir='ltr'><strong>ῳμοὶ</strong></span> <span class='ocrx_word' id='word_1_98' title='bbox 814 2043 928 2123; x_wconf 84' lang='lat' dir='ltr'><strong>legitur</strong></span> <span class='ocrx_word' id='word_1_99' title='bbox 950 2058 1075 2122; x_wconf 91' lang='lat' dir='ltr'><strong>quoque</strong></span> <span class='ocrx_word' id='word_1_100' title='bbox 1101 2043 1238 2132; x_wconf 54' lang='lat' dir='ltr'><strong>tuti-2³</strong></span> 
     </span>
     <span class='ocr_line' id='line_1_14' title="bbox 142 2163 1238 2249; baseline -0.001 -21"><span class='ocrx_word' id='word_1_101' title='bbox 142 2167 319 2230; x_wconf 68' lang='lat' dir='ltr'><strong>eucheri</strong></span> <span class='ocrx_word' id='word_1_102' title='bbox 340 2165 505 2229; x_wconf 90' lang='lat' dir='ltr'><strong>denudo.</strong></span> <span class='ocrx_word' id='word_1_103' title='bbox 527 2167 693 2230; x_wconf 75' lang='lat' dir='ltr'><strong>Proverbii</strong></span> <span class='ocrx_word' id='word_1_104' title='bbox 713 2185 843 2229; x_wconf 83' lang='lat' dir='ltr'><strong>sensum</strong></span> <span class='ocrx_word' id='word_1_105' title='bbox 864 2187 938 2229; x_wconf 82' lang='lat' dir='ltr'><strong>esse</strong></span> <span class='ocrx_word' id='word_1_106' title='bbox 959 2163 1122 2246; x_wconf 71' lang='lat' dir='ltr'><strong>dixerunt,</strong></span> <span class='ocrx_word' id='word_1_107' title='bbox 1146 2168 1238 2249; x_wconf 93' lang='lat' dir='ltr'><strong>0pi-</strong></span> 
     </span>
     <span class='ocr_line' id='line_1_15' title="bbox 141 2277 834 2357; baseline -0.001 -21"><span class='ocrx_word' id='word_1_108' title='bbox 141 2278 201 2338; x_wconf 89' lang='lat' dir='ltr'><strong>nio</strong></span> <span class='ocrx_word' id='word_1_109' title='bbox 223 2295 305 2339; x_wconf 82' lang='lat' dir='ltr'><strong>mea</strong></span> <span class='ocrx_word' id='word_1_110' title='bbox 324 2285 472 2338; x_wconf 89' lang='lat' dir='ltr'><strong>rectum</strong></span> <span class='ocrx_word' id='word_1_111' title='bbox 493 2294 644 2357; x_wconf 86' lang='lat' dir='ltr'><strong>semper</strong></span> <span class='ocrx_word' id='word_1_112' title='bbox 665 2277 834 2356; x_wconf 78' lang='lat' dir='ltr'><strong>attingit.</strong></span> 
     </span>
    </p>
   </div>
   <div class='ocr_carea' id='block_1_5' title="bbox 145 2664 1239 2877">
    <p class='ocr_par' dir='ltr' id='par_1_5' title="bbox 145 2664 1239 2877">
     <span class='ocr_line' id='line_1_16' title="bbox 145 2664 1239 2770; baseline -0.006 -26"><span class='ocrx_word' id='word_1_113' title='bbox 145 2674 225 2744; x_wconf 90' lang='grc'><strong>111.</strong></span> <span class='ocrx_word' id='word_1_114' title='bbox 252 2665 420 2762; x_wconf 85' lang='lat' dir='ltr'><strong>Fulguri,</strong></span> <span class='ocrx_word' id='word_1_115' title='bbox 443 2664 547 2765; x_wconf 90' lang='lat' dir='ltr'><strong>quod</strong></span> <span class='ocrx_word' id='word_1_116' title='bbox 571 2665 699 2767; x_wconf 84' lang='lat' dir='ltr'><strong>pluvia</strong></span> <span class='ocrx_word' id='word_1_117' title='bbox 722 2693 798 2740; x_wconf 89' lang='lat' dir='ltr'><strong>non</strong></span> <span class='ocrx_word' id='word_1_118' title='bbox 818 2669 999 2770; x_wconf 88' lang='lat' dir='ltr'><strong>sequitur,</strong></span> <span class='ocrx_word' id='word_1_119' title='bbox 1025 2665 1149 2738; x_wconf 86' lang='lat' dir='ltr'><strong>similis</strong></span> <span class='ocrx_word' id='word_1_120' title='bbox 1175 2681 1239 2754; x_wconf 86' lang='lat' dir='ltr'><strong>est.</strong></span> 
     </span>
     <span class='ocr_line' id='line_1_17' title="bbox 224 2791 1237 2877; baseline -0.002 -22"><span class='ocrx_word' id='word_1_121' title='bbox 224 2794 275 2855; x_wconf 90' lang='lat' dir='ltr'><strong>De</strong></span> <span class='ocrx_word' id='word_1_122' title='bbox 297 2813 348 2874; x_wconf 85' lang='lat' dir='ltr'><strong>eo,</strong></span> <span class='ocrx_word' id='word_1_123' title='bbox 369 2793 422 2873; x_wconf 84' lang='lat' dir='ltr'><strong>qui</strong></span> <span class='ocrx_word' id='word_1_124' title='bbox 442 2793 604 2874; x_wconf 69' lang='lat' dir='ltr'><strong>promittit,</strong></span> <span class='ocrx_word' id='word_1_125' title='bbox 616 2802 684 2857; x_wconf 83' lang='lat' dir='ltr'><strong>tum</strong></span> <span class='ocrx_word' id='word_1_126' title='bbox 699 2793 864 2874; x_wconf 78' lang='lat' dir='ltr'><strong>promissis</strong></span> <span class='ocrx_word' id='word_1_127' title='bbox 874 2811 942 2858; x_wconf 80' lang='lat' dir='ltr'><strong>unu</strong></span> <span class='ocrx_word' id='word_1_128' title='bbox 954 2801 1042 2877; x_wconf 72' lang='lat' dir='ltr'><strong>etet,</strong></span> <span class='ocrx_word' id='word_1_129' title='bbox 1065 2791 1237 2855; x_wconf 77' lang='lat' dir='ltr'><strong>adhibetur.</strong></span> 
     </span>
    </p>
   </div>
   <div class='ocr_carea' id='block_1_6' title="bbox 145 3184 1307 3285">
    <p class='ocr_par' dir='ltr' id='par_1_6' title="bbox 145 3184 1307 3285">
     <span class='ocr_line' id='line_1_18' title="bbox 145 3184 1307 3285; baseline -0.005 -23"><span class='ocrx_word' id='word_1_130' title='bbox 145 3192 225 3263; x_wconf 84' lang='lat'><strong>112.</strong></span> <span class='ocrx_word' id='word_1_131' title='bbox 276 3185 390 3276; x_wconf 90' lang='lat' dir='ltr'><strong>Quod</strong></span> <span class='ocrx_word' id='word_1_132' title='bbox 424 3189 455 3260; x_wconf 90' lang='lat' dir='ltr'><strong>si</strong></span> <span class='ocrx_word' id='word_1_133' title='bbox 480 3212 569 3285; x_wconf 76' lang='lat' dir='ltr'><strong>gens</strong></span> <span class='ocrx_word' id='word_1_134' title='bbox 595 3203 660 3258; x_wconf 83' lang='lat' dir='ltr'><strong>tua</strong></span> <span class='ocrx_word' id='word_1_135' title='bbox 686 3195 724 3260; x_wconf 89' lang='lat' dir='ltr'><strong>in</strong></span> <span class='ocrx_word' id='word_1_136' title='bbox 751 3204 788 3259; x_wconf 86' lang='lat' dir='ltr'><strong>te</strong></span> <span class='ocrx_word' id='word_1_137' title='bbox 813 3189 950 3260; x_wconf 83' lang='lat' dir='ltr'><strong>iniusta</strong></span> <span class='ocrx_word' id='word_1_138' title='bbox 976 3204 1049 3275; x_wconf 90' lang='lat' dir='ltr'><strong>est,</strong></span> <span class='ocrx_word' id='word_1_139' title='bbox 1083 3184 1174 3257; x_wconf 83' lang='lat' dir='ltr'><strong>luna</strong></span> <span class='ocrx_word' id='word_1_140' title='bbox 1201 3188 1238 3257; x_wconf 94' lang='lat' dir='ltr'><strong>in</strong></span> <span class='ocrx_word' id='word_1_141' title='bbox 1305 3185 1307 3192; x_wconf 83' lang='lat'>&#39;</span> 
     </span>
    </p>
   </div>
   <div class='ocr_carea' id='block_1_7' title="bbox 280 3313 676 3384">
    <p class='ocr_par' dir='ltr' id='par_1_7' title="bbox 280 3313 676 3384">
     <span class='ocr_line' id='line_1_19' title="bbox 280 3313 676 3384; baseline 0.005 -4"><span class='ocrx_word' id='word_1_142' title='bbox 280 3327 317 3381; x_wconf 85' lang='lat' dir='ltr'><strong>te</strong></span> <span class='ocrx_word' id='word_1_143' title='bbox 341 3313 480 3383; x_wconf 84' lang='lat' dir='ltr'><strong>iniusta</strong></span> <span class='ocrx_word' id='word_1_144' title='bbox 505 3337 583 3384; x_wconf 84' lang='lat' dir='ltr'><strong>non</strong></span> <span class='ocrx_word' id='word_1_145' title='bbox 610 3327 676 3382; x_wconf 73' lang='lat' dir='ltr'><strong>est.</strong></span> 
     </span>
    </p>
   </div>
   <div class='ocr_carea' id='block_1_8' title="bbox 141 3436 1311 3950">
    <p class='ocr_par' dir='ltr' id='par_1_8' title="bbox 141 3436 1311 3950">
     <span class='ocr_line' id='line_1_20' title="bbox 216 3436 1238 3521; baseline 0 -24"><span class='ocrx_word' id='word_1_146' title='bbox 216 3436 356 3499; x_wconf 76' lang='lat' dir='ltr'><strong>Tradidit</strong></span> <span class='ocrx_word' id='word_1_147' title='bbox 370 3438 652 3500; x_wconf 81' lang='lat' dir='ltr'><strong>Aimufadhdhelus</strong></span> <span class='ocrx_word' id='word_1_148' title='bbox 675 3438 736 3502; x_wconf 88' lang='lat' dir='ltr'><strong>ben</strong></span> <span class='ocrx_word' id='word_1_149' title='bbox 751 3436 967 3521; x_wconf 86' lang='lat' dir='ltr'><strong>Mohummed,</strong></span> <span class='ocrx_word' id='word_1_150' title='bbox 982 3448 1112 3521; x_wconf 85' lang='lat' dir='ltr'><strong>gentem</strong></span> <span class='ocrx_word' id='word_1_151' title='bbox 1127 3438 1238 3498; x_wconf 84' lang='lat' dir='ltr'><strong>Renu-</strong></span> 
     </span>
     <span class='ocr_line' id='line_1_21' title="bbox 142 3543 1237 3625; baseline -0.002 -21"><span class='ocrx_word' id='word_1_152' title='bbox 142 3544 324 3605; x_wconf 81' lang='lat' dir='ltr'><strong>&#39;l&#39;sahlebuh</strong></span> <span class='ocrx_word' id='word_1_153' title='bbox 352 3543 527 3606; x_wconf 83' lang='lat' dir='ltr'><strong>ben-Sehd</strong></span> <span class='ocrx_word' id='word_1_154' title='bbox 555 3543 618 3604; x_wconf 88' lang='lat' dir='ltr'><strong>ben</strong></span> <span class='ocrx_word' id='word_1_155' title='bbox 639 3544 798 3608; x_wconf 82' lang='lat' dir='ltr'><strong>Dbuhbeh</strong></span> <span class='ocrx_word' id='word_1_156' title='bbox 827 3553 968 3625; x_wconf 89' lang='lat' dir='ltr'><strong>ternpore</strong></span> <span class='ocrx_word' id='word_1_157' title='bbox 989 3554 1063 3608; x_wconf 82' lang='lat' dir='ltr'><strong>ente</strong></span> <span class='ocrx_word' id='word_1_158' title='bbox 1084 3543 1237 3604; x_wconf 85' lang='lat' dir='ltr'><strong>Mohum-</strong></span> 
     </span>
     <span class='ocr_line' id='line_1_22' title="bbox 141 3649 1239 3733; baseline -0.002 -21"><span class='ocrx_word' id='word_1_159' title='bbox 141 3649 266 3712; x_wconf 88' lang='lat' dir='ltr'><strong>medem</strong></span> <span class='ocrx_word' id='word_1_160' title='bbox 288 3651 319 3710; x_wconf 93' lang='lat' dir='ltr'><strong>in</strong></span> <span class='ocrx_word' id='word_1_161' title='bbox 340 3652 409 3712; x_wconf 89' lang='lat' dir='ltr'><strong>sole</strong></span> <span class='ocrx_word' id='word_1_162' title='bbox 431 3660 463 3713; x_wconf 85' lang='lat' dir='ltr'><strong>et</strong></span> <span class='ocrx_word' id='word_1_163' title='bbox 482 3652 556 3712; x_wconf 86' lang='lat' dir='ltr'><strong>lune</strong></span> <span class='ocrx_word' id='word_1_164' title='bbox 576 3660 671 3712; x_wconf 88' lang='lat' dir='ltr'><strong>necte</strong></span> <span class='ocrx_word' id='word_1_165' title='bbox 693 3652 816 3714; x_wconf 84' lang='lat' dir='ltr'><strong>decima</strong></span> <span class='ocrx_word' id='word_1_166' title='bbox 837 3661 949 3733; x_wconf 80' lang='lat' dir='ltr'><strong>quarte</strong></span> <span class='ocrx_word' id='word_1_167' title='bbox 968 3651 1088 3712; x_wconf 85' lang='lat' dir='ltr'><strong>mensis</strong></span> <span class='ocrx_word' id='word_1_168' title='bbox 1110 3649 1239 3710; x_wconf 88' lang='lat' dir='ltr'><strong>dissen-</strong></span> 
     </span>
     <span class='ocr_line' id='line_1_23' title="bbox 142 3755 1311 3842; baseline -0.005 -21"><span class='ocrx_word' id='word_1_169' title='bbox 142 3761 244 3842; x_wconf 84' lang='lat' dir='ltr'><strong>sisse,</strong></span> <span class='ocrx_word' id='word_1_170' title='bbox 271 3759 386 3840; x_wconf 83' lang='lat' dir='ltr'><strong>quippe</strong></span> <span class='ocrx_word' id='word_1_171' title='bbox 413 3778 507 3841; x_wconf 89' lang='lat' dir='ltr'><strong>quum</strong></span> <span class='ocrx_word' id='word_1_172' title='bbox 533 3778 596 3821; x_wconf 87' lang='lat' dir='ltr'><strong>une</strong></span> <span class='ocrx_word' id='word_1_173' title='bbox 624 3779 718 3842; x_wconf 80' lang='lat' dir='ltr'><strong>pers,</strong></span> <span class='ocrx_word' id='word_1_174' title='bbox 748 3762 847 3821; x_wconf 86' lang='lat' dir='ltr'><strong>sulem</strong></span> <span class='ocrx_word' id='word_1_175' title='bbox 876 3760 1030 3820; x_wconf 87' lang='lat' dir='ltr'><strong>obiturum</strong></span> <span class='ocrx_word' id='word_1_176' title='bbox 1052 3776 1141 3837; x_wconf 85' lang='lat' dir='ltr'><strong>esse,</strong></span> <span class='ocrx_word' id='word_1_177' title='bbox 1165 3755 1239 3816; x_wconf 90' lang='lat' dir='ltr'><strong>dum</strong></span> <span class='ocrx_word' id='word_1_178' title='bbox 1306 3790 1311 3798; x_wconf 90' lang='lat'><em>-</em></span> 
     </span>
     <span class='ocr_line' id='line_1_24' title="bbox 141 3862 1239 3950; baseline -0.006 -21"><span class='ocrx_word' id='word_1_179' title='bbox 141 3868 215 3929; x_wconf 79' lang='lat' dir='ltr'><strong>lune</strong></span> <span class='ocrx_word' id='word_1_180' title='bbox 234 3868 265 3927; x_wconf 90' lang='lat' dir='ltr'><strong>in</strong></span> <span class='ocrx_word' id='word_1_181' title='bbox 287 3867 376 3928; x_wconf 88' lang='lat' dir='ltr'><strong>coelo</strong></span> <span class='ocrx_word' id='word_1_182' title='bbox 399 3866 648 3950; x_wconf 81' lang='lat' dir='ltr'><strong>conspiceretur,</strong></span> <span class='ocrx_word' id='word_1_183' title='bbox 673 3867 893 3949; x_wconf 78' lang='lat' dir='ltr'><strong>contenderet,</strong></span> <span class='ocrx_word' id='word_1_184' title='bbox 923 3868 1023 3929; x_wconf 79' lang='lat' dir='ltr'><strong>ultera</strong></span> <span class='ocrx_word' id='word_1_185' title='bbox 1049 3872 1155 3926; x_wconf 86' lang='lat' dir='ltr'><strong>eutem</strong></span> <span class='ocrx_word' id='word_1_186' title='bbox 1177 3862 1239 3923; x_wconf 88' lang='lat' dir='ltr'><strong>hcc</strong></span> 
     </span>
    </p>
   </div>
   <div class='ocr_carea' id='block_1_9' title="bbox 142 3970 1359 4059">
    <p class='ocr_par' dir='ltr' id='par_1_9' title="bbox 142 3970 1359 4059">
     <span class='ocr_line' id='line_1_25' title="bbox 142 3970 1359 4059; baseline -0.005 -24"><span class='ocrx_word' id='word_1_187' title='bbox 142 3973 284 4055; x_wconf 82' lang='lat' dir='ltr'><strong>negaret.</strong></span> <span class='ocrx_word' id='word_1_188' title='bbox 320 3974 526 4059; x_wconf 83' lang='lat' dir='ltr'><strong>Pigncribus,</strong></span> <span class='ocrx_word' id='word_1_189' title='bbox 556 3983 589 4036; x_wconf 88' lang='lat' dir='ltr'><strong>ut</strong></span> <span class='ocrx_word' id='word_1_190' title='bbox 616 3995 686 4037; x_wconf 86' lang='lat' dir='ltr'><strong>mos</strong></span> <span class='ocrx_word' id='word_1_191' title='bbox 709 3983 792 4059; x_wconf 86' lang='lat' dir='ltr'><strong>erut,</strong></span> <span class='ocrx_word' id='word_1_192' title='bbox 822 3977 903 4036; x_wconf 89' lang='lat' dir='ltr'><strong>inter</strong></span> <span class='ocrx_word' id='word_1_193' title='bbox 924 3993 961 4035; x_wconf 85' lang='lat' dir='ltr'><strong>sc</strong></span> <span class='ocrx_word' id='word_1_194' title='bbox 983 3973 1066 4035; x_wconf 83' lang='lat' dir='ltr'><strong>datis</strong></span> <span class='ocrx_word' id='word_1_195' title='bbox 1088 3970 1238 4033; x_wconf 81' lang='lat' dir='ltr'><strong>arbitrum</strong></span> <span class='ocrx_word' id='word_1_196' title='bbox 1358 4036 1359 4045; x_wconf 10' lang='grc' dir='ltr'>χ</span> 
     </span>
    </p>
   </div>
   <div class='ocr_carea' id='block_1_10' title="bbox 141 4078 1238 4376">
    <p class='ocr_par' dir='ltr' id='par_1_10' title="bbox 141 4078 1238 4376">
     <span class='ocr_line' id='line_1_26' title="bbox 141 4078 1238 4163; baseline -0.005 -21"><span class='ocrx_word' id='word_1_197' title='bbox 141 4082 378 4142; x_wconf 83' lang='lat' dir='ltr'><strong>constituerunt.</strong></span> <span class='ocrx_word' id='word_1_198' title='bbox 418 4080 514 4160; x_wconf 89' lang='lat' dir='ltr'><strong>Apud</strong></span> <span class='ocrx_word' id='word_1_199' title='bbox 536 4099 630 4162; x_wconf 80' lang='lat' dir='ltr'><strong>quem</strong></span> <span class='ocrx_word' id='word_1_200' title='bbox 653 4101 746 4163; x_wconf 91' lang='lat' dir='ltr'><strong>quum</strong></span> <span class='ocrx_word' id='word_1_201' title='bbox 767 4083 816 4143; x_wconf 92' lang='lat' dir='ltr'><strong>vir</strong></span> <span class='ocrx_word' id='word_1_202' title='bbox 837 4081 963 4162; x_wconf 84' lang='lat' dir='ltr'><strong>quidem</strong></span> <span class='ocrx_word' id='word_1_203' title='bbox 985 4080 1025 4140; x_wconf 89' lang='lat' dir='ltr'><strong>de</strong></span> <span class='ocrx_word' id='word_1_204' title='bbox 1046 4078 1151 4158; x_wconf 83' lang='lat' dir='ltr'><strong>gentis</strong></span> <span class='ocrx_word' id='word_1_205' title='bbox 1172 4095 1238 4137; x_wconf 80' lang='lat' dir='ltr'><strong>sure</strong></span> 
     </span>
     <span class='ocr_line' id='line_1_27' title="bbox 143 4188 1237 4272; baseline 0 -24"><span class='ocrx_word' id='word_1_206' title='bbox 143 4188 291 4250; x_wconf 75' lang='lat' dir='ltr'><strong>iniustitia</strong></span> <span class='ocrx_word' id='word_1_207' title='bbox 305 4195 436 4269; x_wconf 81' lang='lat' dir='ltr'><strong>questus</strong></span> <span class='ocrx_word' id='word_1_208' title='bbox 452 4196 552 4272; x_wconf 75' lang='lat' dir='ltr'><strong>esset,</strong></span> <span class='ocrx_word' id='word_1_209' title='bbox 575 4191 702 4272; x_wconf 77' lang='lat' dir='ltr'><strong>arbiter,</strong></span> <span class='ocrx_word' id='word_1_210' title='bbox 724 4199 758 4252; x_wconf 93' lang='lat' dir='ltr'><strong>ut</strong></span> <span class='ocrx_word' id='word_1_211' title='bbox 774 4209 841 4251; x_wconf 93' lang='lat' dir='ltr'><strong>rem</strong></span> <span class='ocrx_word' id='word_1_212' title='bbox 857 4191 1072 4269; x_wconf 71' lang='lat' dir='ltr'><strong>eispecteret,</strong></span> <span class='ocrx_word' id='word_1_213' title='bbox 1094 4203 1237 4267; x_wconf 80' lang='lat' dir='ltr'><strong>monens,</strong></span> 
     </span>
     <span class='ocr_line' id='line_1_28' title="bbox 145 4293 1127 4376; baseline 0 -22"><span class='ocrx_word' id='word_1_214' title='bbox 145 4296 252 4376; x_wconf 84' lang='lat' dir='ltr'><strong>verbis¹</strong></span> <span class='ocrx_word' id='word_1_215' title='bbox 269 4297 330 4366; x_wconf 80' lang='lat' dir='ltr'><strong>illis</strong></span> <span class='ocrx_word' id='word_1_216' title='bbox 352 4293 520 4376; x_wconf 81' lang='lat' dir='ltr'><strong>respondit.</strong></span> <span class='ocrx_word' id='word_1_217' title='bbox 565 4300 600 4358; x_wconf 86' lang='lat' dir='ltr'><strong>ln</strong></span> <span class='ocrx_word' id='word_1_218' title='bbox 621 4319 656 4360; x_wconf 91' lang='lat' dir='ltr'><strong>re</strong></span> <span class='ocrx_word' id='word_1_219' title='bbox 677 4299 844 4361; x_wconf 74' lang='lat' dir='ltr'><strong>manifecte</strong></span> <span class='ocrx_word' id='word_1_220' title='bbox 864 4297 972 4358; x_wconf 76' lang='lat' dir='ltr'><strong>verbis</strong></span> <span class='ocrx_word' id='word_1_221' title='bbox 993 4305 1127 4358; x_wconf 89' lang='lat' dir='ltr'><strong>utuntur.</strong></span> 
     </span>
    </p>
   </div>
   <div class='ocr_carea' id='block_1_11' title="bbox 0 0 1498 4952">
    <p class='ocr_par' dir='ltr' id='par_1_11' title="bbox 0 0 1498 4952">
     <span class='ocr_line' id='line_1_29' title="bbox 0 0 1498 4952; baseline 0 1"><span class='ocrx_word' id='word_1_222' title='bbox 0 0 1498 4952; x_wconf 95' lang='lat' dir='ltr'><strong> </strong></span> 
     </span>
    </p>
   </div>
  </div>
 </body>
</html>
