3014 4936
598 329 735 390 -ett
783 363 821 371 -

444 536 576 664 dms
613 539 728 662 edidi
762 539 860 717 110ίρ
933 591 975 666 ‘ia

160 777 217 845 98.
268 771 497 868 Reliquimus
524 774 710 868 regionem
738 784 958 854 narrantem.

241 922 405 1002 Duplicem
427 921 593 1001 proverbio
615 940 745 983 sensum
767 921 857 982 tribui
879 940 989 1003 posse,
1011 923 1152 983 scholion
1167 923 1254 985 dixit.

159 1032 225 1090 Aut
247 1028 286 1088 de
307 1029 413 1108 pabuli
434 1029 527 1108 copia
556 1035 589 1088 et
615 1011 701 1094 laeta
733 1026 805 1087 inde
841 1045 1021 1090 muscarum
1051 1031 1252 1110 ortobornbo,

159 1143 214 1197 aut
235 1136 275 1197 de
296 1137 366 1196 loco
389 1137 512 1200 omnum
533 1133 682 1216 deserto⁷
724 1137 753 1194 in
784 1153 844 1214 qim
874 1133 1061 1204 daemonum
1090 1155 1252 1199 sermones

160 1242 353 1324 audirentur,
376 1242 514 1325 intelligi.

546 1364 657 1537 ἐῶ
693 1342 788 1534 ζρἶ
856 1407 894 1482 ιι

163 1586 221 1656 99.
273 1580 442 1683 Opulens
468 1585 539 1658 fuit
565 1599 600 1656 et
618 1547 791 1658 dilatavit
809 1586 949 1682 (locum
976 1587 1109 1681 suum).

243 1735 279 1794 ln
300 1734 516 1821 cumuletur,
539 1739 590 1818 qui
612 1738 724 1818 opibus
745 1738 907 1799 mundans
930 1738 1095 1802 commode
1118 1740 1197 1798 vivit
1219 1749 1251 1798 et

162 1842 292 1907 multam
317 1847 485 1924 pecuniam
506 1858 627 1929 erogat.

160 2265 240 2338 too.
265 2260 384 2360 Rogat
408 2286 467 2334 me
493 2253 814 2357 Ommo'l·Chijara
848 2260 1029 2333 'camelum
1057 2256 1251 2332 commode

271 2383 523 2472 incedentem,
557 2385 622 2484 qui
657 2385 800 2481 primus
835 2385 1000 2459 omnium
1036 2399 1127 2457 esset
1159 2388 1179 2456 i.
1220 2415 1249 2457 e.

270 2507 380 2579 simul
407 2506 575 2578 celeriter
602 2503 845 2578 incedentem.

242 2661 278 2718 ln
306 2678 351 2741 re,
381 2676 463 2738 quae
500 2655 626 2716 difficile
654 2657 824 2738 invenitur,
847 2658 1047 2737 proverbium
1076 2657 1249 2741 adhibetur,
1357 2743 1360 2752 N

156 2765 323 2830 commode
343 2766 426 2825 enim
447 2762 597 2825 incedens
619 2763 789 2825 iumentum
809 2765 889 2826 alios
910 2765 1073 2826 celeritate
1094 2785 1250 2846 praever-

157 2882 225 2936 tere
246 2892 310 2935 non
331 2874 422 2935 solet.
464 2871 591 2931 Versus
614 2880 663 2932 est
685 2872 775 2932 metri
796 2872 881 2933 Red
888 2873 954 2951 jes
982 2875 1137 2955 appellati.
1166 2876 1247 2936 conf.

157 2978 426 3062 fflmnffl.

160 3358 239 3424 tel.
286 3347 433 3448 Caprae
459 3362 654 3421 montanae
681 3373 725 3420 ac
751 3354 779 3420 si
805 3349 898 3449 pulli
922 3351 1017 3436 sint,
1052 3375 1090 3421 se
1116 3365 1248 3448 gerunt,

296 3489 331 3546 et
358 3499 489 3575 caprae
516 3497 678 3545 annosae
704 3471 815 3546 facies
842 3473 988 3547 habent.

219 3630 358 3689 Metram
379 3623 538 3706 proverbii
558 3622 681 3703 Redjes
704 3634 763 3686 est.
796 3627 879 3688 conf.
900 3627 919 3690 l.
942 3646 981 3688 m.
1002 3648 1033 3708 p.
1054 3625 1124 3689 231.
1147 3625 1248 3685 Aliter
1345 3631 1356 3643 '

157 3754 194 3797 se
215 3735 309 3796 Ιιοιιιο
331 3735 414 3816 gerit
421 3777 432 3814 7
462 3749 555 3815 quam
576 3740 708 3794 naturae
734 3742 769 3814 et
788 3734 958 3795 conditioni
979 3733 1138 3795 convenit.

157 4129 239 4203 102·
265 4124 401 4198 Venter
427 4125 585 4223 gracilis,
613 4149 723 4225 quem
751 4129 859 4200 vestis
886 4125 1006 4196 lacera
1018 4122 1244 4198 dehonestat.

240 4277 446 4338 Proverbium
469 4277 508 4337 ad
536 4287 668 4339 metrum
692 4278 812 4340 Sarilr
843 4276 951 4338 referri
980 4285 1093 4356 potest.
1124 4278 1206 4337 conf.
1228 4278 1245 4335 l.

1005 4410 1047 4480 16
