2982 4934
562 379 601 387 m
642 345 705 408 neu

131 537 210 602 150.
269 528 500 598 Postremum
526 525 584 598 lac
611 527 792 600 emulsum
818 529 901 599 l'uit.

211 655 263 717 Ad
291 663 465 716 extremum
492 655 637 733 pervenit
662 656 786 716 malum.
828 656 1029 717 Vocabulum
1051 657 1128 754 >lus
1155 657 1219 716 lac

128 780 309 862 significat,
339 777 440 862 quod,
469 786 639 858 postquam
660 779 805 840 relictum
828 789 912 860 erat,
941 781 1137 842 neceesitate
1160 800 1219 843 co-

127 894 226 968 gente
251 887 435 966 emnlgetur.
477 884 603 964 Duplici
631 895 739 946 autem
765 885 860 946 morlo
881 887 1048 948 Zorami
1069 898 1123 950 aut
1143 889 1219 950 Za-

128 995 225 1055 rami
244 993 439 1054 enunciatur.
481 991 617 1051 Kamusi
631 981 743 1053 auctor
757 992 927 1074 proverbio
944 995 1028 1055 hunc
1047 991 1121 1056 csse
1142 1014 1220 1056 sen-

127 1120 199 1162 sum
229 1099 321 1160 dixit:
352 1098 549 1160 „Excusatio
571 1095 612 1158 ad
638 1105 815 1158 extremum
836 1101 981 1178 pervenit
986 1144 999 1182 7
1030 1108 1064 1160 nt
1085 1102 1126 1162 nil
1147 1120 1218 1163 am-

127 1208 208 1287 plius
230 1204 427 1266 adderetur«
458 1202 553 1281 Quod
573 1223 653 1266 vero
673 1205 748 1264 voci
762 1204 902 1266 feminini
917 1224 1020 1287 genus
1033 1209 1220 1294 tribuerunt,

128 1316 196 1375 eius
216 1331 318 1375 causa
338 1311 370 1372 in
391 1310 623 1392 significatione
647 1312 808 1374 infortunii
828 1312 949 1408 (tylo)
972 1315 1118 1380 cernitur.
1152 1317 1220 1378 Ba·

126 1443 259 1505 scharus
280 1441 331 1500 sie
351 1438 476 1519 cecinu,
498 1438 610 1498 versui
629 1437 831 1517 proverbium
851 1439 1014 1508 inserener

132 1738 258 1812 ›Eheul
287 1693 377 1828 genti
396 1747 507 1808 Banu·
507 1743 599 1808 Sahd
629 1743 763 1826 eiusque
786 1689 988 1824 prulcipi
936 1748 1043 1826 perfer
1063 1695 1220 1812 nuntium!

172 1857 239 1916 lam
258 1863 453 1935 postremum
474 1852 526 1914 lac
548 1851 704 1914 emulsnm
725 1859 785 1916 est.
789 1873 805 1906 ιι

211 1963 351 2024 Mettum
371 1978 489 2022 versus
510 1959 619 2022 Wafir
640 1967 700 2021 est.
745 1956 838 2021 Conl.
860 1958 926 2018 libr.
948 1979 990 2022 m.
1011 1980 1041 2043 p.
1062 1959 1134 2022 204.

363 2098 403 2128 ue
647 2104 667 2123 α
713 2080 734 2126 Ξ
764 2102 782 2122 2
874 2102 893 2124 w
907 2102 926 2123 a

336 2168 405 2276 >f
443 2181 498 2252 u*
533 2129 665 2222 Μ
698 2175 787 2252 aas
824 2157 930 2254 αὖ
1003 2148 1043 2224 tot

131 2337 214 2402 151.
267 2330 393 2400 Donec
419 2322 646 2397 Naschtthus
672 2349 719 2394 ex
744 2326 887 2397 Merwo
914 2329 1027 2397 venit.

210 2451 409 2516 Naschithus
429 2468 545 2511 servus
566 2456 635 2511 erat
657 2447 760 2528 sijau
780 2449 1083 2532 ben-Abl-Solljan.
1104 2453 1224 2515 Archi-

127 2571 273 2626 tecturae
295 2560 415 2641 peritus
437 2555 563 2618 domino
586 2553 712 2617 domum
733 2565 954 2636 exstruxerat3
981 2557 1040 2620 sed
1061 2560 1225 2620 acroteriis

127 2669 268 2732 nundum
305 2674 416 2727 ornata
448 2663 541 2724 domo
551 2707 563 2744 >
600 2662 711 2743 lugam
739 2670 877 2743 ceperat.
921 2662 1017 2742 Quod
1046 2665 1225 2726 aedificium

129 2799 225 2862 quum
237 2775 347 2856 Sijado
362 2773 487 2834 minime
508 2771 659 2852 placeret,
678 2769 908 2854 interrogatus,
923 2787 979 2832 cur
995 2770 1107 2833 domus
1129 2789 1225 2833 acro-

129 2888 216 2949 teriis
236 2905 299 2946 non
318 2885 537 2961 instrueretur,
559 2878 718 2959 proverbii
738 2878 846 2939 verbis
867 2878 1039 2960 respondit
1082 2879 1227 2942 Prover-

127 2997 213 3058 bium
233 2993 275 3054 de
295 2991 378 3052 omni
399 3009 434 3050 re
454 2988 538 3050 haud
560 2984 752 3067 perficienda
779 2985 938 3049 adhibent.
981 2986 1107 3050 cecinit
1127 2999 1223 3069 poeta

128 3102 319 3166 Banrensis:

179 3225 1176 3384 ῳξβῶἶὰξὲὲὲὲρέιὲὠὲἔςὲῠὲχ

130 3414 260 3492 „Usque
288 3407 329 3470 ad
356 3406 454 3488 diem,
486 3424 551 3485 quc
578 3404 680 3464 omnis
709 3405 804 3465 vivus
834 3407 1059 3488 resuscitatur,
1089 3415 1123 3468 et
1143 3405 1224 3468 redit

172 3528 245 3600 poet
266 3537 308 3580 ex
330 3516 456 3576 llerwo
477 3511 708 3574 Naschithuen

212 3626 353 3685 Metram
374 3637 491 3681 vereris
514 3617 619 3679 Wal
624 3618 656 3677 ir
678 3627 737 3678 est.
782 3618 873 3682 Conl.
897 3621 914 3680 l.
937 3641 976 3682 m.
999 3642 1028 3701 p.
1049 3621 1121 3682 204.

545 3892 622 3900 -.„.
646 3891 792 3913 κῃ.
