3014 4936
594 327 731 389 -att
780 361 818 369 -

155 776 213 844 98.
264 769 494 866 Reliquimus
521 772 706 866 regionem
734 783 954 840 narrantem.

236 920 402 1000 Duplioem
423 919 589 999 proverbio
611 938 741 981 sensum
763 920 853 980 tribui
875 939 985 1002 posse,
1006 922 1148 984 scholion
1163 923 1249 984 dixit.

154 1031 221 1089 Aut
242 1027 282 1088 de
303 1027 409 1106 pabuli
431 1027 523 1106 eopia
552 1035 585 1086 et
612 1009 696 1092 laeto
729 1024 801 1086 inde
838 1045 1017 1089 muscarum
1047 1039 1114 1090 orto
1123 1030 1247 1110 bombo,

154 1142 209 1195 aut
231 1133 270 1196 de
292 1135 362 1196 loeo
385 1135 508 1200 omnmo
529 1133 656 1196 deserto
667 1179 677 1214 ,
720 1135 749 1192 in
780 1151 840 1213 qno
870 1132 1057 1203 daemonum
1086 1155 1248 1198 sermones

155 1239 349 1322 audirentur)
372 1241 509 1323 intelligi.

462 1343 465 1366 ι
542 1412 653 1535 Ceo
688 1341 784 1533 ζρἷ
852 1406 890 1481 tt

159 1585 216 1655 99.
269 1579 437 1682 Opulens
463 1583 534 1656 fuit
560 1599 596 1655 et
614 1546 786 1657 dilatavit
805 1585 945 1682 (loeum
972 1587 1105 1680 suum).

239 1733 274 1794 ln
296 1752 368 1794 eum
387 1733 511 1820 dieitur,
534 1738 586 1816 qni
608 1736 719 1816 opibus
741 1737 903 1798 abundans
925 1737 1090 1799 commode
1114 1740 1193 1798 vivit
1215 1750 1247 1798 et

158 1842 287 1906 multam
312 1846 480 1923 peonniem
502 1857 622 1927 erogat.

155 2264 235 2338 100·
260 2258 379 2358 Rogat
404 2285 462 2330 me
489 2253 810 2356 Ommo'l·Chijara
843 2259 1024 2332 'camelum
1053 2255 1246 2333 commode

267 2382 518 2471 incedentem,
553 2385 618 2483 qui
653 2385 795 2480 primus
830 2385 995 2459 omnium
1031 2397 1122 2456 esset
1155 2387 1174 2456 i.
1216 2413 1244 2455 e.

266 2507 375 2579 simul
402 2506 570 2579 celeriter
597 2503 841 2578 incedentem.

239 2662 275 2719 ln
302 2679 347 2743 re,
377 2678 458 2740 quae
494 2657 621 2720 difficile
650 2657 819 2738 invenitur,
842 2659 1041 2738 proverbium
1071 2656 1244 2740 adhibetur).

154 2765 319 2830 commode
339 2768 420 2828 enim
441 2765 592 2827 incedens
614 2765 785 2826 iumentum
805 2764 884 2826 elios
905 2766 1068 2826 eeleritate
1088 2784 1245 2844 praever-

152 2882 221 2937 tere
242 2893 306 2935 non
326 2877 417 2936 solet.
459 2874 586 2934 Versus
609 2882 658 2934 est
679 2874 770 2933 metri
791 2870 877 2934 tted
883 2873 949 2951 jes
978 2875 1133 2954 appellati.
1161 2875 1242 2934 conf.

152 2984 215 3044 libr.
238 3003 277 3043 nr.
300 3003 329 3063 p.
351 2980 422 3044 231.

155 3359 235 3425 tot.
282 3348 429 3449 Caprae
455 3363 650 3421 montanae
677 3352 774 3420 acsi
801 3349 893 3448 pulli
918 3351 994 3420 sint
1003 3403 1013 3435 ‚
1048 3374 1086 3420 se
1112 3364 1244 3447 gerunt.

292 3491 327 3547 et
354 3499 486 3575 caprae
512 3498 674 3546 annosae
700 3471 811 3546 facies
838 3473 984 3546 habent.

215 3630 354 3689 Metrum
374 3626 535 3707 proverbii
554 3624 677 3704 Redjes
701 3634 759 3686 est.
793 3626 874 3687 conf.
896 3626 915 3689 l.
938 3645 978 3687 m.
999 3646 1029 3707 p.
1050 3624 1121 3688 231.
1143 3625 1244 3685 Aliter
1342 3631 1353 3643 '

152 3753 190 3796 se
210 3735 305 3796 homo
327 3735 428 3817 gerit,
458 3751 551 3814 quam
572 3741 705 3794 naturae
731 3742 764 3816 et
784 3733 955 3795 conditioni
976 3731 1134 3794 eonvenit,

152 4128 235 4202 102.
262 4125 398 4199 Venter
424 4126 582 4225 gracilis,
610 4149 720 4225 quern
748 4131 855 4200 vestis
882 4125 1002 4196 lacera
1014 4122 1240 4198 dehonestat.

236 4279 443 4340 Proverbium
466 4278 505 4338 ad
533 4287 665 4339 metrum
690 4279 808 4340 Sarilr
839 4275 947 4337 referri
977 4285 1091 4355 potest.
1121 4277 1203 4336 oonf.
1224 4251 1242 4334 l.

1002 4409 1044 4479 16
