3004 4926
700 327 926 394 ..500-

272 516 379 578 „Dixit
406 509 578 599 Cholnide,
610 530 707 595 quum
737 512 840 594 ipsam
868 509 1003 574 visitans
1031 509 1209 571 venissem:
1242 507 1362 570 Nonne

310 631 345 686 tu
365 623 503 707 sagittas
524 621 633 706 nigras
654 612 866 683 coniecisti‘te

282 777 285 785 ,
350 731 480 794 Versus
507 738 643 793 metrum
672 727 784 790 Besith
813 734 873 788 est.
903 724 995 789 Cous.
1016 726 1037 786 1.
1058 743 1099 787 rn.
1120 744 1151 806 p.
1176 722 1244 788 190.
1274 723 1359 786 Pro-

268 845 413 908 verbium
434 861 589 906 summam
609 842 641 903 in
662 860 698 902 re
718 839 913 923 diligentiam
935 838 1092 901 describit

489 961 593 1168 33ss
627 973 764 1133 Q>
801 975 891 1147 iti-{9
928 971 1025 1146 502)
1098 1026 1139 1107 ini

272 1221 353 1288 151.
404 1209 530 1286 Tonat
564 1222 600 1281 et
636 1203 830 1292 fulminat;
883 1203 947 1279 sed
989 1205 1108 1280 nubes
1139 1232 1259 1281 vacua
1292 1225 1361 1300 est,

408 1360 505 1437 quae
532 1359 668 1434 aquam
695 1357 800 1404 suam
825 1326 967 1402 effudit.

352 1460 517 1525 Proverbii
532 1466 667 1521 metrum
681 1455 804 1539 Redjes
825 1464 885 1518 est.
907 1456 1000 1519 Cous.
1021 1458 1040 1520 l.
1062 1476 1102 1519 m.
1123 1477 1153 1538 p.
1175 1455 1247 1520 230.
1270 1457 1364 1540 Sup-

269 1567 418 1652 plendum
439 1575 507 1630 est:
528 1581 613 1670 0²4⁴·
634 1573 667 1626 et
687 1587 768 1678 Off„
789 1572 863 1627 ente
884 1569 980 1627 casus
1001 1565 1188 1628 accusativi.
1230 1567 1267 1627 In
1289 1586 1364 1629 eum

270 1685 381 1748 dieitur
390 1730 403 1770 ,
429 1684 483 1767 qui
502 1684 636 1746 formum
655 1681 755 1744 induit
773 1681 908 1744 alienam
915 1726 926 1764 ,
955 1681 1027 1743 dum
1048 1683 1136 1746 seete
1157 1702 1231 1746 eum
1252 1683 1363 1747 verbis

271 1795 341 1857 eius
361 1814 425 1856 nou
446 1791 657 1855 consentiunt.

273 2140 353 2209 152.
407 2131 492 2308 Xidi
526 2148 682 2220 terram,
727 2132 833 2204 cuius
866 2157 1001 2234 caprae
1038 2159 1077 2207 se
1108 2135 1269 2209 invicem
1301 2139 1366 2209 in-

425 2250 555 2308 estant.

353 2362 391 2425 ld
413 2372 479 2426 est:
501 2381 540 2424 se
561 2361 709 2424 cornibus
731 2360 868 2423 invicem
888 2368 1009 2444 petunt,
1026 2381 1121 2444 quum
1141 2364 1279 2446 pingues
1300 2365 1368 2428 sint

272 2481 305 2535 et
325 2479 412 2534 terre
432 2470 546 2553 pabulo
567 2468 714 2532 abundet.
756 2469 911 2531 Homines
938 2468 1011 2532 dum
1040 2471 1207 2534 commode
1234 2473 1366 2556 vivunt,

272 2587 305 2643 et
325 2579 416 2642 victu
435 2576 613 2662 abundant,
635 2577 806 2639 insolenter
827 2595 864 2638 se
885 2594 1013 2659 gerere,
1035 2578 1237 2658 proverbium
1258 2578 1366 2644 docet.

275 2935 354 3021 15'3.
406 2945 505 3019 Puto
531 2969 591 3015 me
617 2940 786 3030 divitem,
819 2941 909 3016 duur
934 2968 1044 3017 sanus
1071 2969 1163 3019 sum.

354 3071 464 3134 Verba
484 3069 566 3131 haee
586 3069 742 3131 Aetsemo
764 3068 932 3131 ben-Zaifi
954 3069 1184 3133 adscribuntur.

273 3413 353 3488 154.
403 3413 615 3511 Benignitns
639 3410 754 3486 filiola
779 3410 1000 3513 prudentiae
1025 3433 1091 3489 est.

352 3537 390 3602 ld
412 3547 478 3602 est:
506 3540 619 3601 Iutime
640 3557 713 3601 eum
735 3559 775 3602 ee
796 3541 963 3602 coniuncte
983 3548 1035 3601 est
1056 3541 1149 3624 eique
1169 3543 1282 3606 similis
1304 3552 1364 3606 est.

432 3662 596 3854 &iffi
624 3654 843 3864 ΰῇῐρι
881 3683 969 3807 ets
1008 3665 1086 3847 [a]
1161 3729 1213 3811 Ιοο

273 3911 353 3986 155.
407 3909 526 4010 Saepe
551 3905 691 3982 indicet
722 3907 788 3981 tibi
814 3905 1009 3983 consilium
1034 3925 1182 3984 rectum
1206 3913 1366 3986 astutiae

409 4059 553 4136 expers.
1277 4004 1287 4017 ”

351 4155 473 4254 ww
494 4161 544 4223 vir
565 4169 633 4244 est,
662 4163 694 4222 in
715 4180 777 4243 quo
799 4180 862 4223 non
881 4159 1039 4224 invenitur
1062 4162 1196 4246 bonurn,
1227 4160 1312 4244 quod
1332 4163 1365 4226 iu

271 4275 310 4318 ee
332 4274 409 4320 esse
430 4267 567 4340 putetur.
