2970 4946
725 325 951 390 ..033-

293 508 466 574 vindictam
486 517 628 574 sumturo
648 509 689 574 ab
710 507 855 574 Ahmruo
881 506 1130 573 berintsatmn
1151 511 1259 573 iocum
1280 513 1384 592 gentis

293 618 580 682 Banu-Alsabban
604 614 751 684 Aldsohii
780 617 942 679 indicavit.
983 617 1122 718 Modicus
1142 617 1385 682 ben-Caumoh

216 799 219 806 Ι
292 725 427 788 inbelle
448 726 530 788 inter
550 725 638 807 ipsos
663 730 758 804 gesto
781 723 942 786 Catsifum
968 723 1174 787 ben-Ahmru
1193 725 1246 788 cui
1268 745 1386 788 occur-

293 841 398 924 rerat,
437 833 599 914 captivum
632 832 742 896 iacere
774 830 913 895 volebat.
964 825 1108 892 Catsifus
1139 849 1276 912 corpore
1303 835 1388 894 tenui

293 939 455 1024 praeditus
475 940 515 1002 ab
537 956 619 1022 equo
640 937 764 1020 desiliit,
787 945 824 1000 ut
845 937 995 1020 Modicus,
1018 938 1070 1020 qui
1097 956 1216 1020 corpus¹
1237 957 1387 1002 crassum

140 1056 144 1064 '
173 1048 176 1054 ’
292 1047 442 1132 haberet,
477 1049 517 1111 ab
545 1065 627 1130 equo
657 1045 853 1110 descendere
875 1054 1053 1130 cogeretur.
1095 1047 1142 1108 At
1162 1047 1215 1108 hie
1236 1049 1388 1110 astutiam

293 1173 516 1240 cognoscens,
545 1155 672 1218 hastam
693 1153 723 1216 ei
746 1154 882 1216 obvertit
903 1153 1031 1236 dicens,
1051 1162 1107 1216 ant
1128 1161 1160 1215 te
1182 1154 1259 1217 mihi
1280 1156 1388 1238 capti-

293 1285 368 1329 vum
392 1263 492 1326 dedas
514 1271 571 1326 out
589 1271 661 1347 ego¹
674 1270 707 1326 te
729 1262 883 1326 occidam.
924 1261 1047 1324 Eodem
1068 1262 1136 1324 sere
1158 1271 1305 1344 tempore
1326 1263 1388 1326 od-

292 1372 428 1436 veniens
452 1371 615 1434 Ahmruus
643 1369 889 1433 beo-Alsnbban
915 1370 1079 1453 captivum
1108 1368 1169 1432 sibi
1195 1371 1388 1450 posttdabat

292 1480 344 1545 lto
365 1479 407 1542 ad
429 1477 587 1542 Catsiium
613 1476 720 1541 deletu
745 1483 796 1559 ut,
825 1476 991 1540 cuiusnam
1013 1487 1105 1542 esset
1126 1481 1296 1560 captivus,
1328 1478 1388 1541 de-

293 1595 459 1670 cerneret,
491 1586 569 1649 dixit
600 1587 670 1668 ille,
704 1585 765 1649 nisi
794 1586 935 1647 Melicos
963 1584 1099 1668 fuisset,
1140 1605 1203 1668 ego
1231 1585 1272 1650 ad
1302 1607 1388 1670 gen-

292 1705 358 1762 tem
386 1716 491 1760 meum
518 1695 749 1780 pervenissem.
793 1693 866 1774 Qun
899 1693 939 1756 de
968 1711 1070 1756 causa
1095 1694 1259 1758 Ahmruus
1287 1697 1388 1760 iratus

293 1807 417 1887 tdapam
443 1805 473 1867 ei
499 1802 621 1866 inflixit
670 1800 764 1882 Quod
792 1820 889 1885 tegre
919 1802 1026 1864 ferens
1055 1803 1193 1866 Malicus
1223 1801 1323 1865 dixit:
1354 1813 1388 1867 tu

293 1913 422 1994 captivo
454 1929 526 1974 meo
562 1910 673 1992 alapas
708 1901 838 1991 infligis!
878 1910 1018 1972 Pretium
1050 1909 1206 1972 libertatis
1237 1919 1335 1996 tuae,
1369 1929 1387 1972 o

294 2019 418 2082 Catsiie
452 2024 579 2078 centum
616 2016 730 2078 corneli
761 2015 914 2096 fuisseut3
951 2015 1009 2078 sed
1047 2015 1129 2097 quod
1163 2014 1329 2080 Ahmruus
1359 2020 1388 2080 iu

187 2181 189 2188 r
293 2126 377 2196 facie
398 2134 431 2187 te
452 2125 630 2206 percussit,
658 2121 795 2205 pretium
824 2123 879 2184 tibi
902 2122 994 2186 dono.
1036 2124 1181 2188 Resccta
1201 2124 1303 2206 igitur
1327 2145 1388 2188 au-

293 2234 406 2298 tiarum
439 2240 530 2314 parte
567 2251 638 2294 eum
675 2230 801 2293 dimisit.
854 2231 906 2292 Ab
942 2230 1004 2297 isto
1035 2231 1107 2293 inde
1139 2240 1282 2313 tempore
1318 2234 1388 2297 Ce-

292 2341 386 2404 tsiius
408 2341 448 2404 ob
469 2341 594 2421 alapam
614 2337 775 2402 vindictae
790 2338 968 2406 sumendae
989 2339 1191 2402 occasionem
1213 2342 1389 2422 quaerebat.

292 2449 556 2512 necromantem
578 2454 640 2530 est,
662 2454 709 2529 ut,
734 2464 828 2528 quum
852 2447 965 2508 cameli
986 2445 1198 2528 aufugissent,
1219 2448 1389 2512 Ahmruus

251 2571 256 2581 ‘
294 2573 367 2618 cum
393 2555 542 2618 fratribus
573 2554 641 2616 suis
671 2553 849 2634 quaesitum
878 2551 999 2636 exiret,
1029 2561 1062 2613 et
1089 2552 1219 2615 camelis
1243 2555 1389 2618 inventis

292 2663 410 2746 pullum
431 2671 586 2726 mactaret
607 2661 668 2724 eibi
689 2661 820 2743 parandi
845 2679 956 2722 eausa.
1001 2660 1105 2740 Quom
1127 2679 1194 2723 rem
1216 2681 1315 2743 quum
1339 2667 1389 2727 ilie

293 2791 391 2856 supro
412 2774 591 2834 nominatus
614 2771 823 2834 Chautaahus
844 2770 970 2834 Catsit'o
991 2770 1185 2854 indicasset,
1207 2771 1262 2834 hic
1279 2771 1388 2855 dupli-

287 2862 366 2944 'c'ern
380 2881 521 2944 virorum
541 2899 706 2943 numerum
726 2897 837 2942 secum
856 2878 977 2959 eduxit,
998 2887 1033 2942 ut
1046 2878 1108 2942 duo
1124 2898 1219 2942 unum
1233 2881 1265 2942 in
1278 2882 1388 2945 medio

295 2987 457 3051 haberent.
486 2987 539 3050 Ad
552 2987 696 3050 homines
712 2987 815 3049 cibum
831 2995 995 3049 sumentes
1010 2986 1203 3049 transierunt
1220 2996 1254 3050 et
1265 2989 1308 3052 nb
1326 2991 1388 3052 illis

291 3095 432 3179 invitati,
454 3094 716 3177 quemadmodum
738 3096 819 3156 inter
839 3112 877 3156 se
899 3095 1137 3176 constituerant,
1164 3095 1388 3160 consederunt

172 3247 175 3262 .
293 3201 473 3284 Catsifum,
504 3203 556 3284 qui
588 3201 702 3264 vittam
730 3219 750 3262 n
777 3199 862 3262 socie
887 3219 947 3264 suo
974 3202 1186 3284 removisset,
1219 3203 1388 3266 Ahmruus

292 3310 400 3374 statim
429 3311 584 3392 cognouit
616 3319 649 3372 et
682 3308 776 3372 dixit:
808 3308 851 3396 0,
866 3308 1011 3393 Catsiie,
1045 3327 1148 3374 meom
1179 3328 1298 3392 genam
1332 3312 1389 3374 tibi

292 3439 349 3502 pro
377 3427 430 3481 tua
457 3417 694 3500 percutiendum
726 3419 854 3501 porrigo
889 3427 921 3479 et
954 3439 1017 3483 non
1046 3421 1159 3482 estin
1192 3429 1261 3482 tota
1287 3431 1389 3504 gente

292 3531 377 3592 Beer
404 3527 612 3610 ben-Wajel
647 3547 731 3610 geno
757 3527 960 3610 honoratior,
990 3547 1083 3610 quam
1113 3547 1193 3594 meo.
1238 3529 1390 3593 Catsifus

292 3648 398 3702 nutem
419 3638 598 3720 respondit:
623 3638 771 3715 Minime,
799 3635 857 3698 sed
879 3645 911 3697 te
932 3625 1113 3720 fratresque
1134 3645 1207 3698 tuos
1230 3640 1389 3704 occidam.

292 3751 374 3810 'l'nm
395 3748 575 3828 Ahmruus3
598 3745 684 3828 quod
709 3745 738 3807 si
758 3765 809 3806 me
831 3746 998 3807 occisurus
1019 3765 1072 3829 es,
1102 3747 1162 3808 hos
1188 3746 1389 3812 adolesoen-
1453 3783 1454 3810 r

292 3865 360 3940 tes,
398 3857 450 3940 qui
483 3875 522 3919 se
553 3854 682 3937 proeliis
709 3873 772 3915 non
806 3853 1063 3937 immiscuerunt,
1094 3855 1211 3917 liberos
1245 3850 1388 3921 dimitte!

169 4021 172 4026 .
291 3965 409 4027 Eorum
447 3965 578 4028 caedem
613 3962 737 4047 quidam
773 3961 877 4044 magis
911 3964 1101 4043 ulciscetur,
1140 3983 1234 4044 quam
1270 3985 1391 4029 meam.

294 4070 438 4135 Catsiius
459 4082 564 4136 autem
586 4091 697 4136 omues
718 4071 835 4134 oceidit
856 4077 889 4131 et
904 4071 1083 4133 occisorum
1105 4072 1212 4152 capita
1231 4072 1263 4134 iu
1284 4092 1388 4138 sacco

293 4179 398 4260 posito
427 4180 468 4241 ad
495 4181 649 4244 camelam
677 4178 843 4260 appendit,
871 4179 924 4240 cui
950 4197 1065 4241 nomen
1085 4178 1287 4244 Ai-Dohaim
1307 4191 1388 4246 erat.

294 4286 426 4349 Camela
452 4287 513 4351 iste
544 4288 676 4352 dimisso
709 4285 751 4350 od
779 4287 994 4350 Abnbbonum
1022 4295 1096 4350 ante
1124 4297 1247 4368 portam
1270 4288 1387 4353 domus
