<?xml version="1.0" encoding="UTF-8"?>
<!DOCTYPE html PUBLIC "-//W3C//DTD XHTML 1.0 Transitional//EN"
    "http://www.w3.org/TR/xhtml1/DTD/xhtml1-transitional.dtd">
<html xmlns="http://www.w3.org/1999/xhtml" xml:lang="en" lang="en">
 <head>
  <title>
</title>
<meta http-equiv="Content-Type" content="text/html;charset=utf-8" />
  <meta name='ocr-system' content='tesseract 3.04.00' />
  <meta name='ocr-capabilities' content='ocr_page ocr_carea ocr_par ocr_line ocrx_word'/>
</head>
<body>
  <div class='ocr_page' id='page_1' title='image "./arabumproverbia04alfgoog_0046.png"; bbox 0 0 2988 4952; ppageno 0'>
   <div class='ocr_carea' id='block_1_1' title="bbox 666 343 790 405">
    <p class='ocr_par' dir='ltr' id='par_1_1' title="bbox 666 343 790 405">
     <span class='ocr_line' id='line_1_1' title="bbox 666 343 790 405; baseline 0 -19"><span class='ocrx_word' id='word_1_1' title='bbox 666 343 790 405; x_wconf 60' lang='grc' dir='ltr'>ᾔ)...</span> 
     </span>
    </p>
   </div>
   <div class='ocr_carea' id='block_1_2' title="bbox 423 537 954 752">
    <p class='ocr_par' dir='ltr' id='par_1_2' title="bbox 423 537 954 752">
     <span class='ocr_line' id='line_1_2' title="bbox 423 537 954 752; baseline 0.002 -68"><span class='ocrx_word' id='word_1_2' title='bbox 423 545 591 712; x_wconf 59' lang='grc' dir='ltr'><strong>ᾄῖἰῶῖ</strong></span> <span class='ocrx_word' id='word_1_3' title='bbox 615 557 751 752; x_wconf 50' lang='grc' dir='ltr'><strong>Διᾷμῖ</strong></span> <span class='ocrx_word' id='word_1_4' title='bbox 777 537 845 710; x_wconf 48' lang='lat' dir='ltr'><strong>gi</strong></span> <span class='ocrx_word' id='word_1_5' title='bbox 914 607 954 687; x_wconf 70' lang='lat' dir='ltr'><strong>ts</strong></span> 
     </span>
    </p>
   </div>
   <div class='ocr_carea' id='block_1_3' title="bbox 140 789 928 891">
    <p class='ocr_par' dir='ltr' id='par_1_3' title="bbox 140 789 928 891">
     <span class='ocr_line' id='line_1_3' title="bbox 140 789 928 891; baseline -0.011 -23"><span class='ocrx_word' id='word_1_6' title='bbox 140 795 198 868; x_wconf 77' lang='lat'><strong>65.</strong></span> <span class='ocrx_word' id='word_1_7' title='bbox 249 789 429 880; x_wconf 82' lang='lat' dir='ltr'><strong>Quisnam</strong></span> <span class='ocrx_word' id='word_1_8' title='bbox 455 791 624 861; x_wconf 83' lang='lat' dir='ltr'><strong>virorum</strong></span> <span class='ocrx_word' id='word_1_9' title='bbox 648 790 793 891; x_wconf 84' lang='lat' dir='ltr'><strong>probus</strong></span> <span class='ocrx_word' id='word_1_10' title='bbox 815 792 928 890; x_wconf 86' lang='lat' dir='ltr'><strong>(est)?</strong></span> 
     </span>
    </p>
   </div>
   <div class='ocr_carea' id='block_1_4' title="bbox 139 921 1232 1095">
    <p class='ocr_par' dir='ltr' id='par_1_4' title="bbox 139 921 1232 1095">
     <span class='ocr_line' id='line_1_4' title="bbox 222 921 1232 1006; baseline -0.004 -20"><span class='ocrx_word' id='word_1_11' title='bbox 222 926 331 986; x_wconf 80' lang='lat' dir='ltr'><strong>Verba</strong></span> <span class='ocrx_word' id='word_1_12' title='bbox 358 925 490 1004; x_wconf 88' lang='lat' dir='ltr'><strong>primum</strong></span> <span class='ocrx_word' id='word_1_13' title='bbox 518 925 686 1006; x_wconf 84' lang='lat' dir='ltr'><strong>protulisse</strong></span> <span class='ocrx_word' id='word_1_14' title='bbox 715 926 827 987; x_wconf 86' lang='lat' dir='ltr'><strong>dieitur</strong></span> <span class='ocrx_word' id='word_1_15' title='bbox 847 921 1098 1005; x_wconf 80' lang='lat' dir='ltr'><strong>Ainabeghahus</strong></span> <span class='ocrx_word' id='word_1_16' title='bbox 1120 923 1149 982; x_wconf 91' lang='lat' dir='ltr'><strong>iu</strong></span> <span class='ocrx_word' id='word_1_17' title='bbox 1171 921 1232 983; x_wconf 88' lang='lat' dir='ltr'><strong>hoe</strong></span> 
     </span>
     <span class='ocr_line' id='line_1_5' title="bbox 139 1052 235 1095; baseline 0 -1"><span class='ocrx_word' id='word_1_18' title='bbox 139 1052 235 1095; x_wconf 89' lang='lat' dir='ltr'><strong>versu</strong></span> 
     </span>
    </p>
   </div>
   <div class='ocr_carea' id='block_1_5' title="bbox 381 1127 988 1475">
    <p class='ocr_par' dir='ltr' id='par_1_5' title="bbox 381 1125 988 1483">
     <span class='ocr_line' id='line_1_6' title="bbox 387 1127 986 1250; baseline 0.008 -19"><span class='ocrx_word' id='word_1_19' title='bbox 387 1125 528 1278; x_wconf 60' lang='lat' dir='ltr'><strong>Lissi</strong></span> <span class='ocrx_word' id='word_1_20' title='bbox 560 1127 617 1233; x_wconf 74' lang='lat' dir='ltr'><strong>et</strong></span> <span class='ocrx_word' id='word_1_21' title='bbox 644 1182 837 1248; x_wconf 50' lang='lat' dir='ltr'><em>m</em></span> <span class='ocrx_word' id='word_1_22' title='bbox 862 1139 986 1250; x_wconf 47' lang='grc' dir='ltr'><strong>ᾠῷ,</strong></span> 
     </span>
     <span class='ocr_line' id='line_1_7' title="bbox 381 1327 988 1475; baseline 0.02 -21"><span class='ocrx_word' id='word_1_23' title='bbox 381 1332 509 1454; x_wconf 47' lang='lat' dir='ltr'><strong>&amp;ili</strong></span> <span class='ocrx_word' id='word_1_24' title='bbox 535 1345 660 1475; x_wconf 52' lang='lat'><strong>4223*</strong></span> <span class='ocrx_word' id='word_1_25' title='bbox 690 1327 741 1454; x_wconf 64' lang='grc' dir='ltr'><strong>ἇῗ</strong></span> <span class='ocrx_word' id='word_1_26' title='bbox 763 1351 876 1436; x_wconf 50' lang='lat'><strong>0³³⁶</strong></span> <span class='ocrx_word' id='word_1_27' title='bbox 900 1349 988 1466; x_wconf 56' lang='lat' dir='ltr'><strong>tsi-&#39;²</strong></span> 
     </span>
    </p>
   </div>
   <div class='ocr_carea' id='block_1_6' title="bbox 141 1515 1233 1812">
    <p class='ocr_par' dir='ltr' id='par_1_6' title="bbox 141 1515 1233 1812">
     <span class='ocr_line' id='line_1_8' title="bbox 141 1515 1232 1599; baseline 0.001 -27"><span class='ocrx_word' id='word_1_28' title='bbox 141 1517 235 1578; x_wconf 71' lang='lat' dir='ltr'><strong>»Nou</strong></span> <span class='ocrx_word' id='word_1_29' title='bbox 256 1533 326 1578; x_wconf 86' lang='lat' dir='ltr'><strong>sum</strong></span> <span class='ocrx_word' id='word_1_30' title='bbox 347 1516 387 1599; x_wconf 83' lang='lat' dir='ltr'><strong>is,</strong></span> <span class='ocrx_word' id='word_1_31' title='bbox 416 1515 469 1596; x_wconf 87' lang='lat' dir='ltr'><strong>qui</strong></span> <span class='ocrx_word' id='word_1_32' title='bbox 488 1515 631 1596; x_wconf 81' lang='lat' dir='ltr'><strong>fratrem,</strong></span> <span class='ocrx_word' id='word_1_33' title='bbox 660 1533 753 1596; x_wconf 88' lang='lat' dir='ltr'><strong>quem</strong></span> <span class='ocrx_word' id='word_1_34' title='bbox 774 1524 808 1576; x_wconf 91' lang='lat' dir='ltr'><strong>tu</strong></span> <span class='ocrx_word' id='word_1_35' title='bbox 829 1534 892 1577; x_wconf 86' lang='lat' dir='ltr'><strong>uon</strong></span> <span class='ocrx_word' id='word_1_36' title='bbox 912 1515 1059 1598; x_wconf 75' lang='lat' dir='ltr'><strong>adiuvas,</strong></span> <span class='ocrx_word' id='word_1_37' title='bbox 1081 1515 1232 1594; x_wconf 84' lang='lat' dir='ltr'><strong>relinquat</strong></span> 
     </span>
     <span class='ocr_line' id='line_1_9' title="bbox 179 1615 1233 1705; baseline -0.005 -20"><span class='ocrx_word' id='word_1_38' title='bbox 179 1625 308 1705; x_wconf 86' lang='lat' dir='ltr'><strong>negotio</strong></span> <span class='ocrx_word' id='word_1_39' title='bbox 336 1623 455 1685; x_wconf 81' lang='lat' dir='ltr'><strong>difficili</strong></span> <span class='ocrx_word' id='word_1_40' title='bbox 483 1630 680 1702; x_wconf 80' lang='lat' dir='ltr'><strong>occupatum.</strong></span> <span class='ocrx_word' id='word_1_41' title='bbox 724 1621 804 1700; x_wconf 79' lang='lat' dir='ltr'><strong>Quis</strong></span> <span class='ocrx_word' id='word_1_42' title='bbox 831 1631 881 1686; x_wconf 85' lang='lat' dir='ltr'><strong>est</strong></span> <span class='ocrx_word' id='word_1_43' title='bbox 907 1622 1001 1705; x_wconf 85' lang='lat' dir='ltr'><strong>igitur</strong></span> <span class='ocrx_word' id='word_1_44' title='bbox 1020 1623 1070 1684; x_wconf 87' lang='lat' dir='ltr'><strong>vir</strong></span> <span class='ocrx_word' id='word_1_45' title='bbox 1089 1615 1233 1703; x_wconf 70' lang='lat' dir='ltr'><strong>probus?</strong></span> 
     </span>
     <span class='ocr_line' id='line_1_10' title="bbox 179 1729 488 1812; baseline -0.013 -19"><span class='ocrx_word' id='word_1_46' title='bbox 179 1733 262 1794; x_wconf 83' lang='lat' dir='ltr'><strong>euni.</strong></span> <span class='ocrx_word' id='word_1_47' title='bbox 285 1731 394 1812; x_wconf 85' lang='lat' dir='ltr'>XXII,</span> <span class='ocrx_word' id='word_1_48' title='bbox 419 1729 488 1792; x_wconf 82' lang='lat'><strong>106.</strong></span> 
     </span>
    </p>
   </div>
   <div class='ocr_carea' id='block_1_7' title="bbox 136 1855 1231 2066">
    <p class='ocr_par' dir='ltr' id='par_1_7' title="bbox 136 1855 1231 2066">
     <span class='ocr_line' id='line_1_11' title="bbox 136 1855 1231 2066; baseline -0.002 -64"><span class='ocrx_word' id='word_1_49' title='bbox 136 1855 1231 2066; x_wconf 40' lang='lat' dir='ltr'><strong>uffistumgfflss</strong></span> 
     </span>
    </p>
   </div>
   <div class='ocr_carea' id='block_1_8' title="bbox 135 2127 1314 2453">
    <p class='ocr_par' dir='ltr' id='par_1_8' title="bbox 135 2127 1314 2453">
     <span class='ocr_line' id='line_1_12' title="bbox 135 2127 1232 2231; baseline -0.006 -24"><span class='ocrx_word' id='word_1_50' title='bbox 135 2136 193 2207; x_wconf 85' lang='lat'><strong>66.</strong></span> <span class='ocrx_word' id='word_1_51' title='bbox 247 2131 329 2229; x_wconf 84' lang='lat' dir='ltr'><strong>Ego</strong></span> <span class='ocrx_word' id='word_1_52' title='bbox 356 2127 517 2201; x_wconf 87' lang='lat' dir='ltr'><strong>multum</strong></span> <span class='ocrx_word' id='word_1_53' title='bbox 542 2131 633 2203; x_wconf 84' lang='lat' dir='ltr'><strong>ulios</strong></span> <span class='ocrx_word' id='word_1_54' title='bbox 650 2127 898 2231; x_wconf 86' lang='lat' dir='ltr'><strong>reprehendo,</strong></span> <span class='ocrx_word' id='word_1_55' title='bbox 927 2146 963 2202; x_wconf 88' lang='lat' dir='ltr'><strong>et</strong></span> <span class='ocrx_word' id='word_1_56' title='bbox 987 2129 1104 2202; x_wconf 84' lang='lat' dir='ltr'><strong>frater</strong></span> <span class='ocrx_word' id='word_1_57' title='bbox 1129 2155 1232 2200; x_wconf 89' lang='lat' dir='ltr'><strong>meus</strong></span> 
     </span>
     <span class='ocr_line' id='line_1_13' title="bbox 242 2251 1314 2358; baseline -0.001 -31"><span class='ocrx_word' id='word_1_58' title='bbox 242 2253 332 2328; x_wconf 85' lang='lat' dir='ltr'><strong>alios</strong></span> <span class='ocrx_word' id='word_1_59' title='bbox 366 2279 476 2358; x_wconf 84' lang='lat' dir='ltr'><strong>saepe</strong></span> <span class='ocrx_word' id='word_1_60' title='bbox 511 2252 666 2344; x_wconf 89' lang='lat' dir='ltr'><strong>deserit,</strong></span> <span class='ocrx_word' id='word_1_61' title='bbox 705 2273 738 2326; x_wconf 86' lang='lat' dir='ltr'><strong>et</strong></span> <span class='ocrx_word' id='word_1_62' title='bbox 774 2273 907 2328; x_wconf 84' lang='lat' dir='ltr'><strong>neuter</strong></span> <span class='ocrx_word' id='word_1_63' title='bbox 939 2272 1111 2329; x_wconf 87' lang='lat' dir='ltr'><strong>nostrum</strong></span> <span class='ocrx_word' id='word_1_64' title='bbox 1136 2251 1232 2326; x_wconf 87' lang='lat' dir='ltr'><strong>filius</strong></span> <span class='ocrx_word' id='word_1_65' title='bbox 1310 2306 1314 2318; x_wconf 76' lang='grc'>.</span> 
     </span>
     <span class='ocr_line' id='line_1_14' title="bbox 247 2397 467 2453; baseline -0.009 -1"><span class='ocrx_word' id='word_1_66' title='bbox 247 2406 375 2453; x_wconf 76' lang='lat' dir='ltr'><strong>servae</strong></span> <span class='ocrx_word' id='word_1_67' title='bbox 401 2397 467 2452; x_wconf 87' lang='lat' dir='ltr'><strong>est.</strong></span> 
     </span>
    </p>
   </div>
   <div class='ocr_carea' id='block_1_9' title="bbox 221 2512 1233 2596">
    <p class='ocr_par' dir='ltr' id='par_1_9' title="bbox 221 2512 1233 2596">
     <span class='ocr_line' id='line_1_15' title="bbox 221 2512 1233 2596; baseline -0.001 -22"><span class='ocrx_word' id='word_1_68' title='bbox 221 2517 257 2574; x_wconf 88' lang='lat' dir='ltr'><strong>iu</strong></span> <span class='ocrx_word' id='word_1_69' title='bbox 278 2532 351 2574; x_wconf 90' lang='lat' dir='ltr'><strong>eum</strong></span> <span class='ocrx_word' id='word_1_70' title='bbox 372 2512 483 2575; x_wconf 86' lang='lat' dir='ltr'><strong>dieitur</strong></span> <span class='ocrx_word' id='word_1_71' title='bbox 504 2514 715 2596; x_wconf 84' lang='lat' dir='ltr'><strong>proverbium,</strong></span> <span class='ocrx_word' id='word_1_72' title='bbox 744 2517 797 2595; x_wconf 87' lang='lat' dir='ltr'><strong>qui</strong></span> <span class='ocrx_word' id='word_1_73' title='bbox 817 2526 851 2576; x_wconf 86' lang='lat' dir='ltr'><strong>te</strong></span> <span class='ocrx_word' id='word_1_74' title='bbox 872 2515 1002 2596; x_wconf 78' lang='lat' dir='ltr'><strong>deserit,</strong></span> <span class='ocrx_word' id='word_1_75' title='bbox 1031 2526 1064 2575; x_wconf 89' lang='lat' dir='ltr'><strong>et</strong></span> <span class='ocrx_word' id='word_1_76' title='bbox 1085 2531 1177 2594; x_wconf 89' lang='lat' dir='ltr'><strong>quem</strong></span> <span class='ocrx_word' id='word_1_77' title='bbox 1198 2521 1233 2573; x_wconf 92' lang='lat' dir='ltr'><strong>tu</strong></span> 
     </span>
    </p>
   </div>
   <div class='ocr_carea' id='block_1_10' title="bbox 137 2616 1232 2784">
    <p class='ocr_par' dir='ltr' id='par_1_10' title="bbox 137 2616 1232 2784">
     <span class='ocr_line' id='line_1_16' title="bbox 137 2616 1232 2698; baseline 0.002 -21"><span class='ocrx_word' id='word_1_78' title='bbox 137 2619 308 2698; x_wconf 83' lang='lat' dir='ltr'><strong>vituperas.</strong></span> <span class='ocrx_word' id='word_1_79' title='bbox 323 2616 442 2678; x_wconf 81' lang='lat' dir='ltr'><strong>Meid.</strong></span> <span class='ocrx_word' id='word_1_80' title='bbox 462 2619 513 2681; x_wconf 89' lang='lat' dir='ltr'><strong>De</strong></span> <span class='ocrx_word' id='word_1_81' title='bbox 534 2636 693 2681; x_wconf 83' lang='lat' dir='ltr'><strong>consensu</strong></span> <span class='ocrx_word' id='word_1_82' title='bbox 714 2639 816 2698; x_wconf 81' lang='lat' dir='ltr'><strong>pauco</strong></span> <span class='ocrx_word' id='word_1_83' title='bbox 838 2619 1011 2682; x_wconf 76' lang='lat' dir='ltr'><strong>adhibetur.</strong></span> <span class='ocrx_word' id='word_1_84' title='bbox 1033 2616 1232 2681; x_wconf 78' lang='lat' dir='ltr'><strong>Scheref-</strong></span> 
     </span>
     <span class='ocr_line' id='line_1_17' title="bbox 139 2723 270 2784; baseline -0.008 0"><span class='ocrx_word' id='word_1_85' title='bbox 139 2723 270 2784; x_wconf 86' lang='lat' dir='ltr'><strong>Aldin.</strong></span> 
     </span>
    </p>
   </div>
   <div class='ocr_carea' id='block_1_11' title="bbox 137 3113 1000 3222">
    <p class='ocr_par' dir='ltr' id='par_1_11' title="bbox 137 3113 1000 3222">
     <span class='ocr_line' id='line_1_18' title="bbox 137 3113 1000 3222; baseline -0.001 -28"><span class='ocrx_word' id='word_1_86' title='bbox 137 3122 196 3194; x_wconf 84' lang='grc'><strong>67.</strong></span> <span class='ocrx_word' id='word_1_87' title='bbox 253 3117 286 3190; x_wconf 88' lang='lat' dir='ltr'><strong>Is</strong></span> <span class='ocrx_word' id='word_1_88' title='bbox 310 3113 447 3191; x_wconf 85' lang='lat' dir='ltr'><strong>celeres</strong></span> <span class='ocrx_word' id='word_1_89' title='bbox 472 3118 588 3191; x_wconf 82' lang='lat' dir='ltr'><strong>habet</strong></span> <span class='ocrx_word' id='word_1_90' title='bbox 612 3135 737 3222; x_wconf 84' lang='lat' dir='ltr'><strong>partes</strong></span> <span class='ocrx_word' id='word_1_91' title='bbox 763 3124 1000 3219; x_wconf 74' lang='lat' dir='ltr'><strong>posteriores·</strong></span> 
     </span>
    </p>
   </div>
   <div class='ocr_carea' id='block_1_12' title="bbox 220 3267 1232 3361">
    <p class='ocr_par' dir='ltr' id='par_1_12' title="bbox 220 3267 1232 3361">
     <span class='ocr_line' id='line_1_19' title="bbox 220 3267 1232 3361; baseline -0.001 -32"><span class='ocrx_word' id='word_1_92' title='bbox 220 3267 387 3330; x_wconf 80' lang='lat' dir='ltr'><strong>Voeebulo</strong></span> <span class='ocrx_word' id='word_1_93' title='bbox 407 3269 489 3361; x_wconf 42' lang='grc' dir='ltr'><strong>ἐφ’</strong></span> <span class='ocrx_word' id='word_1_94' title='bbox 514 3278 640 3352; x_wconf 74' lang='lat' dir='ltr'><strong>”partes</strong></span> <span class='ocrx_word' id='word_1_95' title='bbox 654 3273 847 3351; x_wconf 81' lang='lat' dir='ltr'><strong>posteriores</strong></span> <span class='ocrx_word' id='word_1_96' title='bbox 862 3271 1026 3332; x_wconf 81' lang='lat' dir='ltr'><strong>cuiuslibet</strong></span> <span class='ocrx_word' id='word_1_97' title='bbox 1040 3269 1085 3331; x_wconf 87' lang='lat' dir='ltr'><strong>rei</strong></span> <span class='ocrx_word' id='word_1_98' title='bbox 1106 3276 1138 3330; x_wconf 93' lang='lat' dir='ltr'><strong>et</strong></span> <span class='ocrx_word' id='word_1_99' title='bbox 1160 3270 1232 3350; x_wconf 86' lang='lat' dir='ltr'><strong>equi</strong></span> 
     </span>
    </p>
   </div>
   <div class='ocr_carea' id='block_1_13' title="bbox 135 3393 1231 3589">
    <p class='ocr_par' dir='ltr' id='par_1_13' title="bbox 135 3393 1231 3589">
     <span class='ocr_line' id='line_1_20' title="bbox 136 3393 1231 3479; baseline 0 -23"><span class='ocrx_word' id='word_1_100' title='bbox 136 3393 238 3457; x_wconf 78' lang='lat' dir='ltr'><strong>eauda</strong></span> <span class='ocrx_word' id='word_1_101' title='bbox 260 3403 292 3457; x_wconf 88' lang='lat' dir='ltr'><strong>et</strong></span> <span class='ocrx_word' id='word_1_102' title='bbox 312 3395 413 3477; x_wconf 87' lang='lat' dir='ltr'><strong>pedes</strong></span> <span class='ocrx_word' id='word_1_103' title='bbox 430 3396 641 3476; x_wconf 77' lang='lat' dir='ltr'><strong>posterioresu</strong></span> <span class='ocrx_word' id='word_1_104' title='bbox 657 3397 884 3478; x_wconf 79' lang='lat' dir='ltr'><strong>significentur.</strong></span> <span class='ocrx_word' id='word_1_105' title='bbox 916 3399 967 3459; x_wconf 88' lang='lat' dir='ltr'><strong>De</strong></span> <span class='ocrx_word' id='word_1_106' title='bbox 983 3397 1064 3479; x_wconf 81' lang='lat' dir='ltr'><strong>viro,</strong></span> <span class='ocrx_word' id='word_1_107' title='bbox 1087 3397 1139 3477; x_wconf 92' lang='lat' dir='ltr'><strong>qui</strong></span> <span class='ocrx_word' id='word_1_108' title='bbox 1159 3403 1231 3457; x_wconf 86' lang='lat' dir='ltr'><strong>stu-</strong></span> 
     </span>
     <span class='ocr_line' id='line_1_21' title="bbox 135 3502 1231 3589; baseline -0.002 -25"><span class='ocrx_word' id='word_1_109' title='bbox 135 3502 188 3565; x_wconf 83' lang='lat' dir='ltr'><strong>dio</strong></span> <span class='ocrx_word' id='word_1_110' title='bbox 210 3510 243 3563; x_wconf 87' lang='lat' dir='ltr'><strong>et</strong></span> <span class='ocrx_word' id='word_1_111' title='bbox 263 3503 425 3564; x_wconf 77' lang='lat' dir='ltr'><strong>eeleritate</strong></span> <span class='ocrx_word' id='word_1_112' title='bbox 445 3504 478 3564; x_wconf 91' lang='lat' dir='ltr'><strong>in</strong></span> <span class='ocrx_word' id='word_1_113' title='bbox 498 3523 593 3584; x_wconf 87' lang='lat' dir='ltr'><strong>opere</strong></span> <span class='ocrx_word' id='word_1_114' title='bbox 613 3504 727 3589; x_wconf 78' lang='lat' dir='ltr'><strong>utitur,</strong></span> <span class='ocrx_word' id='word_1_115' title='bbox 750 3503 924 3567; x_wconf 78' lang='lat' dir='ltr'><strong>adhibetur.</strong></span> <span class='ocrx_word' id='word_1_116' title='bbox 964 3503 1086 3566; x_wconf 85' lang='lat' dir='ltr'><strong>Dicitur</strong></span> <span class='ocrx_word' id='word_1_117' title='bbox 1107 3520 1231 3584; x_wconf 85' lang='lat' dir='ltr'><strong>queque</strong></span> 
     </span>
    </p>
   </div>
   <div class='ocr_carea' id='block_1_14' title="bbox 136 3625 859 3732">
    <p class='ocr_par' dir='ltr' id='par_1_14' title="bbox 136 3625 859 3732">
     <span class='ocr_line' id='line_1_22' title="bbox 136 3625 859 3732; baseline -0.011 -35"><span class='ocrx_word' id='word_1_118' title='bbox 136 3625 253 3732; x_wconf 53' lang='lat' dir='ltr'><strong>„iij”</strong></span> <span class='ocrx_word' id='word_1_119' title='bbox 280 3627 384 3730; x_wconf 58' lang='lat' dir='ltr'><strong>&amp;d</strong></span> <span class='ocrx_word' id='word_1_120' title='bbox 411 3630 453 3695; x_wconf 70' lang='lat' dir='ltr'><strong>u‘i</strong></span> <span class='ocrx_word' id='word_1_121' title='bbox 479 3626 592 3690; x_wconf 79' lang='lat' dir='ltr'><strong>eadem</strong></span> <span class='ocrx_word' id='word_1_122' title='bbox 619 3628 859 3710; x_wconf 77' lang='lat' dir='ltr'><strong>significatione.</strong></span> 
     </span>
    </p>
   </div>
   <div class='ocr_carea' id='block_1_15' title="bbox 138 4017 1231 4121">
    <p class='ocr_par' dir='ltr' id='par_1_15' title="bbox 138 4017 1231 4121">
     <span class='ocr_line' id='line_1_23' title="bbox 138 4017 1231 4121; baseline 0 -26"><span class='ocrx_word' id='word_1_123' title='bbox 138 4024 196 4097; x_wconf 83' lang='lat'><strong>68·</strong></span> <span class='ocrx_word' id='word_1_124' title='bbox 246 4017 378 4093; x_wconf 84' lang='lat' dir='ltr'><strong>Frater</strong></span> <span class='ocrx_word' id='word_1_125' title='bbox 405 4037 492 4092; x_wconf 88' lang='lat' dir='ltr'><strong>tuus</strong></span> <span class='ocrx_word' id='word_1_126' title='bbox 518 4035 589 4113; x_wconf 81' lang='lat' dir='ltr'><strong>est,</strong></span> <span class='ocrx_word' id='word_1_127' title='bbox 631 4021 698 4121; x_wconf 91' lang='lat' dir='ltr'><strong>qui</strong></span> <span class='ocrx_word' id='word_1_128' title='bbox 729 4045 845 4092; x_wconf 74' lang='lat' dir='ltr'><strong>verax</strong></span> <span class='ocrx_word' id='word_1_129' title='bbox 880 4037 917 4093; x_wconf 90' lang='lat' dir='ltr'><strong>et</strong></span> <span class='ocrx_word' id='word_1_130' title='bbox 941 4023 1107 4096; x_wconf 85' lang='lat' dir='ltr'><strong>sincerus</strong></span> <span class='ocrx_word' id='word_1_131' title='bbox 1132 4023 1170 4094; x_wconf 90' lang='lat' dir='ltr'><strong>in</strong></span> <span class='ocrx_word' id='word_1_132' title='bbox 1194 4038 1231 4098; x_wconf 83' lang='lat' dir='ltr'><strong>te</strong></span> 
     </span>
    </p>
   </div>
   <div class='ocr_carea' id='block_1_16' title="bbox 220 4160 1231 4358">
    <p class='ocr_par' dir='ltr' id='par_1_16' title="bbox 220 4160 1231 4358">
     <span class='ocr_line' id='line_1_24' title="bbox 249 4160 335 4220; baseline 0.012 -2"><span class='ocrx_word' id='word_1_133' title='bbox 249 4160 314 4220; x_wconf 85' lang='lat' dir='ltr'><strong>est.</strong></span> <span class='ocrx_word' id='word_1_134' title='bbox 332 4171 335 4178; x_wconf 78' lang='grc'><strong>’</strong></span> 
     </span>
     <span class='ocr_line' id='line_1_25' title="bbox 220 4269 1231 4358; baseline 0 -26"><span class='ocrx_word' id='word_1_135' title='bbox 220 4269 282 4348; x_wconf 82' lang='lat' dir='ltr'><strong>Qui</strong></span> <span class='ocrx_word' id='word_1_136' title='bbox 302 4272 464 4334; x_wconf 81' lang='lat' dir='ltr'><strong>eonsilium</strong></span> <span class='ocrx_word' id='word_1_137' title='bbox 485 4273 643 4334; x_wconf 83' lang='lat' dir='ltr'><strong>sineemm</strong></span> <span class='ocrx_word' id='word_1_138' title='bbox 664 4273 719 4334; x_wconf 86' lang='lat' dir='ltr'><strong>tibi</strong></span> <span class='ocrx_word' id='word_1_139' title='bbox 747 4271 802 4334; x_wconf 81' lang='lat' dir='ltr'><strong>dut</strong></span> <span class='ocrx_word' id='word_1_140' title='bbox 829 4281 924 4356; x_wconf 88' lang='lat' dir='ltr'><strong>teque</strong></span> <span class='ocrx_word' id='word_1_141' title='bbox 946 4282 1064 4358; x_wconf 81' lang='lat' dir='ltr'><strong>monet,</strong></span> <span class='ocrx_word' id='word_1_142' title='bbox 1087 4293 1157 4336; x_wconf 89' lang='lat' dir='ltr'><strong>eum</strong></span> <span class='ocrx_word' id='word_1_143' title='bbox 1176 4271 1231 4333; x_wconf 90' lang='lat' dir='ltr'><strong>tibi</strong></span> 
     </span>
    </p>
   </div>
   <div class='ocr_carea' id='block_1_17' title="bbox 0 0 1498 4952">
    <p class='ocr_par' dir='ltr' id='par_1_17' title="bbox 0 0 1498 4952">
     <span class='ocr_line' id='line_1_26' title="bbox 0 0 1498 4952; baseline 0 0"><span class='ocrx_word' id='word_1_144' title='bbox 0 0 1498 4952; x_wconf 95' lang='lat' dir='ltr'><strong> </strong></span> 
     </span>
    </p>
   </div>
  </div>
 </body>
</html>
