3014 4936
705 343 932 410 ..292-

357 527 564 592 Proverbium
591 527 702 614 docet,
732 528 889 610 quomodo
914 543 975 591 nos
1003 545 1082 610 erga
1101 527 1184 591 viles
1205 547 1368 610 geramus.

276 636 364 697 Loco
391 635 484 698 vocis
512 663 606 744 fir?
633 636 747 717 legitur
778 635 880 740 (api.
930 634 1131 716 significatio
1159 655 1222 698 non
1251 635 1370 702 differt.

274 759 511 841 Himjaritarum
544 779 604 823 rex
637 759 764 842 quidam
799 760 898 822 verbe
933 759 1015 822 haec
1055 760 1175 823 dixisse
1208 770 1369 843 narratur,

274 887 370 950 quum
392 869 431 929 ab
453 887 566 951 uxore,
588 887 629 929 ne
657 867 814 931 crudelius
840 868 871 928 in
890 867 1034 930 subditos
1056 876 1183 952 ageret,
1201 889 1370 931 vmonere·
1436 878 1440 886 '

273 983 331 1034 tur.
372 975 510 1037 Factum
531 980 637 1036 autern
659 982 726 1059 est,
747 982 783 1036 ut
803 992 904 1056 gens,
926 991 1022 1054 quum
1043 972 1126 1036 duce
1152 977 1239 1057 regis
1266 975 1369 1038 fratre

271 1084 304 1143 iu
325 1090 441 1144 terram
462 1081 608 1144 hostilem
628 1083 747 1164 Mpetu
768 1082 854 1144 facto
875 1080 982 1162 predo
1000 1083 1134 1168 potitus,
1157 1085 1272 1146 nullam
1294 1085 1367 1147 eius

271 1196 394 1270 partem
416 1209 436 1250 a
457 1207 535 1272 rege
557 1191 753 1272 accepisset,
780 1189 866 1269 regis
886 1189 990 1271 fratri,
1019 1191 1046 1250 si
1066 1190 1144 1270 ipris
1162 1190 1311 1253 auxilium
1334 1194 1367 1254 in

271 1313 351 1376 rege
372 1294 546 1359 occidendo
568 1298 688 1358 laturus
710 1303 818 1376 esset,
848 1313 981 1376 regnum
1003 1295 1160 1360 offerrent.
1202 1299 1259 1360 lllo
1279 1299 1368 1361 haud

269 1412 423 1465 renuente
451 1421 509 1492 rex
539 1403 665 1463 occisus
694 1409 752 1462 est.
794 1400 847 1462 Ad
876 1403 1015 1464 occisum
1044 1412 1151 1466 autem
1173 1424 1268 1486 quum
1288 1404 1366 1467 Ah-

270 1507 370 1571 mirus
398 1495 720 1593 bon'ssnjodsoimah,
757 1509 811 1590 qui
847 1508 910 1570 ista
947 1510 1034 1591 regis
1062 1511 1163 1572 verbo
1194 1512 1364 1598 audiisset,

268 1617 429 1701 transiret,
442 1615 530 1677 dixit:
551 1626 630 1700 upa
654 1621 714 1702 μ,
737 1615 796 1700 ,Δ
823 1619 864 1683 tot
891 1635 981 1706 apos
1007 1617 1106 1702 etet
1140 1623 1230 1700 &fii
1267 1621 1365 1718 kap,

271 1742 452 1806 „Interdum
481 1742 570 1804 canis
604 1742 708 1803 virum
744 1743 846 1822 ipsum
877 1741 1085 1803 instruentem
1118 1751 1228 1827 vorat,
1264 1763 1365 1824 quum

270 1861 393 1915 tantum
414 1850 475 1912 cibi
495 1867 558 1910 non
587 1848 727 1933 accepit,
757 1857 908 1930 quantum
936 1847 1118 1909 satietatem
1139 1843 1276 1910 adfert.“
1318 1852 1365 1912 ut

270 1959 333 2021 hoc
353 1959 384 2020 iu
404 1956 607 2040 proverbium
628 1957 725 2019 veuit
755 1955 838 2018 Cum
858 1954 1026 2036 proverbio
1048 1964 1264 2018 consentanea
1284 1967 1364 2018 sunt

272 2065 371 2128 verba
388 2071 519 2147 poetae:

267 2746 331 2829 „Si
353 2748 483 2809 stultum
504 2745 624 2808 honore
647 2743 770 2830 adficis,
793 2743 1015 2827 corrumpitur,
1040 2747 1070 2807 si
1090 2766 1163 2809 eum
1186 2751 1359 2832 appropin-

308 2875 407 2937 quare
427 2856 537 2941 iubes,
559 2873 579 2916 a
599 2862 632 2915 te
652 2863 845 2916 removetur.
887 2855 1028 2935 Eiusque
1049 2855 1281 2937 propinquitate
1302 2861 1358 2923 fa-

309 2965 552 3026 cillime-carere
574 2953 704 3042 potes.“

344 3078 485 3141 Mettum
506 3093 659 3138 versuum
673 3055 763 3138 'loeo
766 3074 833 3154 jes
856 3083 916 3136 est.
937 3075 1019 3138 conf.
1041 3075 1109 3137 libr.
1129 3096 1170 3139 m.
1191 3098 1221 3159 p.
1241 3077 1313 3142 232.

262 3440 320 3516 48.
372 3443 474 3513 Pone
498 3441 569 3514 hoc
595 3444 631 3514 in
658 3466 793 3515 arcano
818 3439 1014 3519 fermenti!

344 3567 395 3629 De
414 3584 498 3628 voce
519 3573 617 3664 epp>
638 3569 764 3649 paulum
786 3565 903 3630 dubito.
939 3567 1121 3630 Pocockius
1136 3594 1226 3664 μ
1246 3569 1377 3652 habet..

262 3695 387 3759 Sensus
407 3700 471 3758 eat:
492 3690 586 3787 Rem,
608 3711 702 3774 quam
724 3692 806 3775 agis,
830 3693 953 3755 omuino
976 3687 1116 3755 occulto!

517 3811 680 3997 psit,
716 3801 877 3956 e‘jttt
914 3807 988 3943 ξιξ
1057 3846 1102 3936 a

180 3999 183 4004 Ι
258 4034 317 4111 49.
366 4033 476 4109 Venit
502 4060 588 4110 cum
613 4035 728 4135 spinis
753 4047 789 4134 et
812 4033 1020 4108 arboribus.

224 4223 228 4230 ,
340 4159 459 4223 Omnes
480 4182 535 4225 res
556 4164 611 4225 vel
631 4163 748 4224 multas
769 4179 822 4224 ros
843 4177 954 4224 secum
977 4159 1116 4254 addurpit.
1156 4161 1221 4225 Alii
1241 4159 1355 4262 dicunt

255 4285 390 4338 sensum
411 4288 500 4336 csse:
521 4291 672 4358 magnum
693 4271 870 4336 exercitum
891 4269 1032 4338 adduxit
