2996 4928
698 339 842 404 -aoa
884 373 943 432 -,

352 519 553 584 Vocabulum
573 522 631 618 eij
654 519 865 585 ”debilitatem
886 524 1040 607 eorporis,
1062 542 1143 605 quae
1168 531 1244 606 post
1270 541 1367 586 mor-

267 644 341 706 bum
355 651 527 726 remaneto
548 643 706 727 designat.
728 645 814 707 Dicit
827 654 935 710 autem
950 648 1141 712 scholiastes
1154 649 1365 730 negationem

268 757 292 818 la
314 759 386 814 anta
407 751 508 814 verba
530 755 582 858 iti)-
606 761 638 812 ct
657 753 702 855 dl)-
724 755 933 837 supplendam
951 775 1037 841 esse,
1060 756 1213 840 adquam
1234 755 1367 837 ellipsin

266 877 461 960 probandam
481 896 613 940 versum
634 879 800 940 Hamasae
819 898 849 958 p.
871 880 940 940 694.
963 880 1084 942 citavit.
1120 880 1213 942 Verti
1235 899 1368 962 quoque

267 993 384 1066 potest.
428 985 605 1046 „Periimus
624 994 657 1048 et
676 986 769 1066 pariit
790 993 916 1066 tempus
941 996 1084 1049 nostrum
1111 988 1142 1048 in
1162 987 1231 1048 vita
1251 1005 1367 1070 angu-

267 1101 346 1154 stae
384 1091 594 1154 Proverbium
623 1091 665 1155 ad
692 1101 829 1156 metrum
860 1092 955 1157 Sarih
981 1095 1093 1156 referri
1119 1102 1236 1176 potest.
1267 1093 1366 1158 conf.

267 1201 287 1263 l.
307 1219 347 1262 nr.
371 1219 401 1282 p.
422 1199 493 1262 246.

268 1602 326 1672 28.
377 1593 597 1671 vociferans
627 1549 739 1698 capaeer
771 1611 970 1672 montanus
1004 1597 1044 1668 in
1068 1598 1183 1699 petris
1208 1594 1364 1698 glabris,

379 1722 585 1794 inaccessis.

349 1872 569 1954 Proverbium,
590 1870 675 1953 quod
694 1867 737 1934 ad
756 1880 889 1934 metrum
905 1869 1028 1951 Redjes
1045 1871 1104 1947 (cl.
1126 1873 1146 1933 l.
1168 1891 1209 1934 m.
1229 1894 1261 1954 p.
1282 1872 1364 1949 230)

267 1977 379 2040 referri
398 1985 515 2060 potest,
539 1978 673 2040 debilem
700 1977 866 2061 designat7
897 1981 950 2059 qui
970 1980 1000 2040 in
1022 1979 1141 2041 robusti
1161 1983 1260 2043 tutela
1281 1991 1343 2044 est.

267 2127 405 2304 aaut
440 2109 957 2285 ballaria&
994 2105 1252 2306 ,subtil
1325 2168 1362 2248 a

979 2343 1247 2530 noa

269 2611 328 2682 29.
379 2607 521 2708 Lapsus
548 2603 651 2679 docti
678 2622 859 2710 tympano
885 2611 1100 2699 nunciatur,
1126 2605 1192 2682 sed
1215 2605 1364 2710 lapsum

380 2733 583 2830 ignorantis
610 2735 821 2832 ignorantia
847 2731 1022 2806 occultat.

535 2993 541 3006 .
623 2898 754 3076 oncr
798 2883 893 3080 3³35·AE
966 2941 1008 3018 r.

270 3125 331 3193 30.
381 3123 632 3218 Augmentum
657 3117 867 3192 ventriculi.

352 3270 388 3329 ln
410 3287 484 3330 eum
507 3267 639 3352 dicitur,
663 3269 717 3350 qui
738 3271 821 3332 omui
841 3270 960 3331 virtute
980 3269 1149 3334 destitutus
1166 3271 1203 3333 in
1225 3272 1308 3335 nulla
1330 3295 1365 3336 re

270 3377 377 3438 utilem
399 3394 437 3436 se
457 3375 596 3455 praebet.

613 3473 758 3639 Medi
803 3486 924 3660 dal„
996 3545 1033 3623 ΓΙ

272 3729 331 3796 3-1.
382 3659 780 3798 Additamenta‘cdtis.
843 3663 861 3684 α

353 3874 459 3938 Pedes
481 3883 572 3958 sunt,
601 3875 654 3958 qui
674 3875 868 3938 abiiciuntur.
911 3875 1023 3938 Virum
1042 3875 1185 3955 inutilem
1207 3878 1366 3964 designat.

272 4271 330 4341 3⁴2.
381 4269 524 4369 Lapsus
550 4267 693 4346 consilii
717 4267 864 4370 lapsum
890 4269 992 4362 pedis
1020 4268 1209 4354 orodueit.
