2986 4930
713 305 940 379 -Ᾰόἳ-

333 489 461 554 Nomen
488 490 579 552 buius
612 490 672 550 viri
697 487 831 571 Nafids,
860 505 1037 571 cognomen
1058 488 1248 554 Abu-Said
1268 499 1348 553 erat.

251 600 346 660 Hunc
375 616 447 660 cnm
476 597 545 661 aliis
576 599 607 660 in
633 597 749 680 oppido
773 596 905 659 Medina
929 597 961 659 in
981 598 1112 660 Venere
1139 599 1348 662 imbecillibus

251 706 455 770 caenandum
488 714 659 770 curaverat
691 706 843 769 Medinae
872 705 1058 787 praefectus
1086 705 1349 771 Ebu-Hasanus

250 815 403 878 Alannari
428 823 572 895 tempore
594 813 767 878 Selaimani
794 813 1169 876 ben-Ahbd-Almalic.
1211 815 1350 877 Miserat

250 923 333 986 enim
353 922 555 986 Selaimanus
576 920 617 984 ad
637 920 777 984 Medinae
799 923 996 1003 praefectum
1014 921 1139 983 litteras
1161 939 1232 984 cum
1253 940 1348 984 man-

252 1028 339 1114 dato,
360 1038 396 1092 ut
410 1036 589 1091 numeraret
602 1028 691 1090 viros
704 1026 872 1126 inuoppido
886 1026 1038 1090 Medinae
1057 1028 1089 1089 in
1100 1029 1231 1090 Venere
1244 1029 1350 1091 imbe-

251 1139 349 1202 cilles.
394 1137 499 1218 Quum
519 1155 598 1199 vero
619 1135 651 1199 in
671 1137 771 1200 verbo
792 1137 885 1224 versi
910 1127 1085 1199 numeral
1106 1137 1233 1199 scribae
1253 1138 1348 1200 incu-

250 1267 297 1330 ria
324 1269 479 1378 litterec
511 1271 628 1345 puncto
656 1262 776 1326 affecta
809 1273 916 1345 esset,
952 1263 1074 1326 factum
1103 1272 1169 1345 est,
1199 1273 1235 1326 ut
1254 1265 1350 1349 vobi

249 1379 410 1454 castral
437 1390 608 1473 legeretur.
651 1386 713 1467 Qui
734 1387 892 1450 scribendi
914 1406 1000 1450 error
1020 1386 1052 1450 in
1067 1405 1166 1450 causa
1187 1393 1267 1472 erat,
1290 1404 1350 1449 our

250 1514 311 1560 sex
331 1497 363 1560 in
385 1495 499 1578 oppido
520 1495 652 1559 Medina
672 1495 732 1557 viri
753 1503 976 1557 castrarentur.

250 1892 309 1962 97.
362 1886 588 1963 imbecillior
612 1893 650 1962 in
677 1887 839 1982 Ven'ere,
868 1913 983 1990 quam
1006 1891 1054 1978 is,
1081 1889 1147 1990 qui
1173 1885 1349 1990 podicem

364 2039 475 2089 suum
500 2040 614 2088 eroco
639 2012 765 2087 inficit.

332 2164 540 2228 Proverbium
568 2165 630 2228 hoc
656 2163 739 2247 apud
764 2162 972 2227 Medinenses
993 2163 1226 2227 Mohammedis
1253 2163 1349 2226 adiu-

249 2279 341 2334 tores
361 2272 494 2334 Anzan
514 2273 691 2355 appellatos
712 2272 862 2354 frequens
883 2279 962 2334 erat.
1004 2273 1053 2334 Eo
1073 2272 1244 2334 utebantur
1265 2290 1348 2334 con-

249 2386 300 2442 tra
320 2379 409 2442 viros
430 2399 450 2441 e
469 2386 569 2463 gente
588 2379 884 2462 Banu-Maohsum‚
911 2379 965 2460 qui
986 2397 1059 2441 cum
1080 2378 1309 2440 Mohammedo
1330 2399 1350 2439 e

250 2488 368 2550 blecca
387 2487 552 2550 Medinam
579 2487 739 2569 fugerant.
779 2487 955 2550 Proverbio
977 2495 1083 2549 autem
1103 2485 1351 2566 Abu-Djahlum

251 2597 512 2661 ben-Hesebam
538 2596 699 2678 designari
729 2605 902 2660 narrarunt
955 2596 1015 2658 Vir
1047 2596 1129 2658 enim
1157 2595 1227 2678 hic,
1253 2614 1351 2677 quum

251 2703 340 2787 lepra
359 2705 531 2787 laboraret,
560 2706 671 2766 clunes
700 2722 796 2767 croco
817 2704 954 2766 tinxisse
976 2703 1097 2766 dicitur.
1139 2702 1351 2766 Medinenses

249 2810 408 2875 autemid
429 2829 502 2874 enm
523 2812 643 2876 fecisse
664 2829 704 2874 ea
724 2810 765 2872 de
786 2829 895 2893 eausa,
917 2820 951 2872 ut
965 2811 1051 2873 illam
1067 2811 1211 2892 corporis
1224 2820 1350 2892 partem

250 2917 459 2999 pulchriorem
493 2917 659 3004 redderet,
697 2919 815 3000 quippe
846 2936 939 3000 quum
967 2918 1088 2982 Veneri
1120 2927 1350 3000 praeposterae

250 3023 396 3088 addictis
424 3032 534 3108 esset,
563 3025 764 3090 contendunt.
806 3023 898 3089 Gens
926 3032 1035 3088 autem
1061 3026 1348 3090 Banu-Macbsum

251 3132 335 3196 hanc
355 3132 533 3214 opinionem
553 3134 699 3197 refellere
719 3134 877 3197 studebat.

252 3519 312 3590 98.
361 3515 540 3589 Maiorem
585 3519 767 3591 iacturam
809 3546 937 3624 passus
979 3538 1192 3594 mercatura
1234 3548 1348 3622 cpuam

366 3665 480 3713 senex
505 3639 664 3716 familiae
690 3646 815 3720 Mahw
842 3643 1061 3746 appellatae.

1042 3774 1073 3797 e.
1129 3772 1166 3797 o.
1202 3773 1215 3798 e
1253 3773 1290 3799 r.
1309 3763 1350 3798 οε

335 3795 372 3854 ln
393 3811 491 3875 opere
513 3794 780 3858 Schmaf-Aldini
801 3797 850 3859 sic
870 3798 1001 3900 legitur:
1013 3826 1079 3888 ,pt
1096 3810 1175 3911 εκ.
1194 3834 1237 3884 0.
1250 3801 1348 3897 palai

255 3916 429 3980 ”Maiorem
463 3918 618 3983 iacturam
653 3919 775 3982 faciens
807 3937 902 4002 qnam
937 3939 1039 3985 senex
1071 3923 1177 4004 gentis
1204 3923 1349 3984 Mathia«

253 4021 358 4085 Huius
386 4033 491 4088 autem
518 4027 679 4108 proverbii
711 4029 800 4112 origo
829 4029 902 4091 talis
930 4028 1033 4090 fuisse
1061 4040 1212 4093 narratur.
1256 4027 1351 4092 Gens

243 4127 324 4210 'ljad
356 4131 454 4211 pediti
481 4132 640 4197 dedecore
670 4136 883 4199 contaminata
910 4144 988 4198 erat.
1033 4136 1178 4215 Quodam
1207 4157 1288 4200 anno
1317 4139 1350 4200 in

256 4235 400 4338 nundinis
427 4238 541 4306 ocant
565 4240 615 4303 vir
643 4239 768 4320 quidam
797 4241 838 4306 ad
866 4243 959 4306 istem
985 4251 1115 4326 gentem
1135 4247 1296 4326 pertinens
1318 4247 1350 4307 in
