3014 4936
598 308 821 370 „257-

412 517 429 550 0
508 528 527 588 α.
609 526 653 547 n·
722 516 765 550 0,
825 526 843 544 e
890 503 948 582 ἀτ

381 549 527 707 „pp
563 548 652 677 Ul.
689 513 857 705 „giu
883 547 946 684 p
1015 557 1043 644 r

160 749 194 819 4.
247 745 462 821 Concitalus
487 764 542 820 est
567 751 608 836 is,
635 747 699 848 qui
728 749 821 818 retia
847 745 966 819 tendit
993 762 1123 836 contra
1157 771 1253 836 eum,

197 876 200 882 ’
248 875 315 974 qui
339 874 490 969 sagittas
516 870 640 944 habet.

241 1026 331 1086 Looo
352 1023 446 1084 voois
462 1022 508 1123 ,lt
528 1023 643 1105 legitur
662 1021 728 1106 matt
745 1031 991 1108 „congregatus
1012 1019 1099 1084 est.“
1128 1021 1165 1084 ld
1187 1033 1253 1085 est:

160 1152 228 1214 Res
258 1169 366 1216 eorum
386 1127 590 1231 perturbatae
611 1156 694 1209 suut.
736 1145 905 1229 significat
928 1147 1143 1230 proverbium,
1173 1167 1254 1211 eou-

160 1257 299 1321 eordiam
328 1265 360 1318 et
386 1257 555 1319 amicitiam
589 1255 748 1316 hominum
783 1255 939 1316 turbatam
967 1275 1058 1340 esse,
1088 1266 1122 1320 ut
1144 1259 1253 1320 turbae

160 1368 350 1446 interipsos
371 1365 518 1427 oriantur.
562 1360 654 1424 Conl.
677 1359 760 1424 Golii
782 1359 888 1442 Adag.
909 1382 939 1442 p.
963 1361 1031 1424 113.
1127 1352 1129 1357 ’

162 1761 194 1829 5.
247 1757 395 1828 Taurus
421 1782 553 1828 nasum
579 1779 688 1826 suum
715 1778 835 1826 cornu
861 1750 1037 1825 defendit.

244 1907 452 1969 Proverbium
474 1907 515 1980 ad
538 1905 738 1968 defendenda
758 1906 825 1968 iura
846 1906 1058 1986 familiamque
1079 1923 1170 1968 suam
1192 1906 1254 1966 ho·

162 2015 276 2076 minem
298 2015 434 2095 impellit.
479 2013 866 2078 eonf.Atu1f.Ann.r.
895 2014 922 2096 1,
949 2034 979 2094 p.
1000 2011 1072 2075 308.
1114 2014 1254 2075 Metrum
1348 2036 1354 2046 ·

161 2119 284 2201 ltedjes
306 2129 364 2182 est.
387 2121 470 2182 conl.
492 2123 512 2182 l.
533 2140 574 2182 m.
596 2139 627 2200 p.
650 2119 723 2182 230.

445 2217 1015 2442 Qfflffljr

163 2464 195 2534 6.
248 2460 397 2534 Inflexit
423 2487 535 2562 super
559 2486 601 2533 re
627 2457 771 2557 pedem.

223 2599 270 2660 Se
290 2615 356 2657 rem
378 2595 543 2676 possidere
566 2604 598 2657 et
619 2594 785 2678 diligenter
806 2593 1022 2656 custodivisse
1040 2593 1180 2656 conlisus
1195 2602 1254 2656 est.

166 2983 200 3048 7.
252 2975 393 3048 Orbata
419 2993 516 3050 amat
543 2976 726 3050 orbatam.

225 3102 296 3165 Una
316 3102 448 3165 alteram
468 3106 591 3185 ploratu
613 3112 645 3165 et
660 3103 786 3166 tristitia
802 3110 910 3165 mutua
925 3101 1111 3164 consolatur.

573 3232 589 3265 ³
721 3245 739 3268 w

570 3234 863 3409 Qu.

164 3465 791 3543 &fflmmmmffl

246 3594 394 3656 Potentia
422 3593 490 3657 eius
519 3595 666 3676 evanuit,
695 3601 728 3654 et
757 3601 862 3655 status
884 3592 952 3654 eius
974 3592 1165 3673 depravatus
1186 3590 1252 3652 fuit.

163 3703 290 3781 Duplex
316 3702 380 3763 hoo
408 3701 479 3763 looo
508 3701 664 3765 vocabulo
692 3711 789 3798 obre
809 3701 901 3764 tribui
924 3710 1031 3782 potest
1051 3697 1252 3781 significatio,

164 3831 219 3886 aut
246 3825 316 3885 solii
342 3823 488 3886 thronive
510 3825 589 3906 regii
610 3833 664 3887 aut
692 3824 803 3887 domus
824 3825 917 3908 liguis
938 3823 1100 3906 dispositis
1123 3830 1253 3886 exstru-

165 3941 238 3996 otae
253 3941 286 3994 ot
299 3941 385 3996 teoto
399 3934 583 3995 instructae.
611 3933 767 3997 Sohairus
786 3933 988 4013 proverbium
1003 3931 1111 3994 versui
1125 3930 1254 3993 inseruit

163 4051 389 4198 surmont
414 4064 487 4194 to}
511 4065 545 4219 33
567 4065 678 4189 pest
731 4061 824 4198 eij..
847 4057 891 4174 tl
915 4059 978 4178 tr,
1001 4063 1082 4174 ut.
1108 4061 1254 4191 utrm

167 4237 258 4299 »Vos
280 4239 372 4301 ambo
392 4246 522 4323 gentem
537 4237 629 4302 Alb·
647 4239 840 4322 appellatam
861 4241 1045 4321 reparastis,
1068 4255 1163 4324 quum
1185 4237 1253 4300 eius
