2988 4952
676 347 717 368 -*·
760 333 821 381 Vll!
866 349 905 362 ’-

249 497 380 568 anobis
403 498 538 581 denique
559 497 668 564 ordine
693 509 758 564 tam
773 499 970 584 proverbia,
999 501 1115 582 quibus
1143 503 1337 588 conparatio
1386 566 1387 570 ,

248 629 355 708 inest,
381 649 476 712 quam
498 631 691 708 recentiora,
721 647 805 712 quoe
833 631 937 696 omnia
956 631 1138 696 Meidunius
1159 651 1180 696 a
1201 635 1338 698 caeteris

252 763 419 845 disiunxit,
444 781 507 826 non
528 772 675 844 poterant
697 783 758 827 noo
779 783 852 828 cum
875 766 1017 828 coeteris.
1033 766 1168 830 misceri.
1187 803 1191 808 .,

245 903 259 920 '¹
306 908 310 915 ·
331 895 483 963 Meidunii
504 912 601 977 opero
620 895 708 963 finito
735 899 826 979 plura
849 907 916 964 tutu
938 901 1051 962 vetera
1072 906 1139 962 tum
1156 901 1338 962 recentiora

252 1049 295 1094 ex
314 1029 384 1094 aliis
407 1013 555 1110 operibus
582 1029 718 1094 collecte
746 1031 934 1112 proverbia,
963 1048 1024 1094 noc
1051 1049 1113 1095 non
1141 1032 1201 1096 alia
1225 1031 1340 1096 adiue-

251 1167 337 1246 gir'm.
377 1159 428 1226 Ob
455 1161 539 1227 illum
565 1171 673 1226 autem
698 1163 903 1228 aMoidanio
924 1163 955 1226 in
976 1163 1180 1246 disponendis
1194 1181 1340 1246 prover·

252 1295 313 1358 biis
345 1295 550 1360 chremetem
585 1294 724 1358 ordinem
756 1295 854 1360 index
869 1296 1055 1382 'Arabicum
1087 1301 1118 1363 in
1153 1297 1341 1380 quaerendis

252 1431 320 1495 tam
352 1427 485 1510 siugulis
522 1427 698 1508 proverbiis
734 1441 831 1509 quam
864 1429 935 1492 eliis
952 1411 1063 1494 'rebus
1092 1432 1129 1493 'in
1164 1397 1341 1513 proverbiis

120 1601 122 1608 ·
253 1561 380 1626 obviem
405 1560 606 1629 venientibus
632 1559 820 1629 utilissimus
843 1577 869 1628 'a
897 1575 949 1628 me
972 1563 1105 1628 nomem
1126 1581 1263 1626 necesse
1280 1571 1342 1626 cst.

254 1695 328 1775 Qua
351 1694 385 1758 iu
412 1712 447 1756 re
474 1692 520 1757 ita
548 1711 665 1779 agam,
694 1704 730 1758 ut
756 1696 888 1777 primurn
916 1699 949 1760 iu
976 1696 1143 1780 proverbio
1171 1713 1343 1760 occurrens

253 1835 310 1892 aut
341 1824 432 1891 verbi
464 1832 518 1890 aut
549 1802 683 1892 nominis
712 1828 829 1912 forma,
851 1830 978 1894 melicis
1013 1832 1186 1894 litterarum
1221 1829 1344 1892 ratione

252 1943 374 2043 hibita,
404 1957 576 2024 secuudum
605 1959 837 2043 alphabeticum
866 1964 1011 2027 ordinem
1032 1965 1211 2028 adnotetur.
1253 1959 1343 2024 ludi·

254 2108 324 2160 cem
349 2103 479 2176 quoque
506 2092 654 2176 latinum,
683 2095 734 2177 qui
761 2115 910 2180 magnam
938 2098 1103 2162 utilitatem
1133 2095 1250 2160 afferre
1268 2093 1344 2158 mihi

253 2225 423 2312 videretur,
446 2227 638 2310 eobirmgere
659 2229 766 2292 statui.
806 2229 897 2310 Quae
915 2231 1053 2312 deniqne
1071 2231 1114 2293 da
1135 2229 1344 2292 Arabicarum

252 2360 490 2442 proverbiorum
513 2369 625 2424 natura
644 2362 768 2444 iisque,¹
780 2363 835 2443 qui
854 2363 935 2426 inter
955 2364 1083 2427 Arabes
1104 2372 1137 2426 et
1157 2360 1344 2446 colligendis
1387 2431 1389 2439 ,

254 2502 289 2556 et
307 2494 550 2576 interpretandis
571 2493 748 2575 proverbiis
769 2515 896 2576 operam
917 2497 1074 2580 neverint,
1099 2497 1131 2558 in
1151 2494 1346 2577 praefatione

254 2628 383 2692 brevius
402 2627 544 2692 dicende
558 2627 712 2707 densent,
742 2645 781 2692 ea
810 2629 842 2692 in
870 2631 1136 2694 commentatione
1157 2629 1245 2711 operi
1263 2627 1346 2690 sub·-

255 2761 415 2844 iuge-de
434 2763 537 2825 fusius
559 2763 719 2844 explicare
745 2763 777 2824 in
805 2763 909 2826 animo
934 2765 997 2828 est.
1038 2761 1232 2828 Praefationi
1252 2760 1346 2822 finem

255 2896 460 2976 impositurus
480 2895 757 2978 feutoribnsiilis,
788 2897 860 2978 qui,
891 2897 975 2978 quod
995 2884 1144 2960 ¹emtores
1173 2893 1280 2973 operis
1308 2905 1347 2950 se
1412 2898 1415 2903 ’

257 3021 515 3100 confessisunt,
545 3023 647 3086 felicis
673 3027 849 3091 successus
876 3043 969 3106 spem
994 3025 1070 3087 mihi
1094 3025 1255 3102 lecerunt,
1285 3039 1346 3081 non

256 3173 391 3241 possem
424 3155 499 3238 quin
530 3155 651 3236 gratiae
685 3177 782 3240 egem
814 3157 1037 3239 amplissimus.
1085 3141 1186 3222 Pauci
1201 3193 1204 3204 ·
1220 3152 1374 3256 quidem‘

231 3286 234 3293 ’
254 3298 332 3356 'sunt
352 3307 499 3372 numero,
531 3288 592 3352 sed
612 3310 708 3373 quum
730 3293 793 3354 sint
813 3290 986 3381 imitntione
1006 3291 1038 3352 in
1058 3307 1157 3371 opere
1175 3295 1242 3354 tam
1260 3286 1348 3351 'difli-

259 3424 311 3488 cili
337 3431 466 3506 tsmque
492 3421 558 3486 utili
585 3421 764 3488 adiuvando
795 3422 990 3508 dignissimi,
1020 3423 1110 3506 quin,
1139 3422 1209 3484 Deo
1231 3421 1348 3502 optimo

259 3558 398 3621 maximo
419 3555 602 3638 adiuvante,
625 3556 829 3639 adoptatum
850 3557 945 3620 linem
968 3575 1050 3638 opus
1071 3555 1261 3640 perducem,
1287 3571 1349 3614 non

259 3699 312 3754 est
340 3679 427 3773 quod
452 3687 601 3753 dubitem.
620 3703 622 3708 ·
644 3689 745 3773 Operi*
768 3690 857 3753 finito
885 3691 1022 3754 omnium
1047 3687 1206 3753 lentorum
1226 3685 1350 3748 nemine

259 3808 460 3908 mbiungam.
490 3825 549 3885 dn·
562 3843 658 3905 opere
675 3824 776 3887 tentis
796 3821 1037 3887 difficultatibus
1058 3825 1165 3907 pleno,
1190 3829 1236 3883 ut'
1249 3815 1350 3879 omni-

260 3957 320 4020 bus
340 3958 399 4020 vix
419 3958 503 4021 ullus
524 3957 712 4022 satisfecero
733 3958 853 4042 possit,
881 3977 933 4020 mc
954 3957 1075 4021 iudices
1094 3957 1212 4037 iustos,
1238 3953 1272 4014 et
1293 3967 1351 4012 ee·

262 4107 343 4173 quos
363 4090 542 4155 habiturum
564 4109 658 4174 esse,
679 4107 794 4173 spero,
816 4089 950 4154 confido.

296 4249 480 4313 tortitiam
493 4251 618 4308 aeonae
636 4209 775 4302 cerere
792 4248 926 4302 oeroorc
941 4241 1262 4303 mccccmvm.
1386 4237 1389 4242 ’
