2970 4946
124 499 262 562 Dixisse
281 496 603 562 Abbd-Almoiionm
626 495 709 560 :Cui
729 505 783 559 est
801 496 842 558 ob
862 495 913 570 bis
935 494 1058 558 duobus
1077 495 1219 558 vindicte

127 605 303 688 sumenda,
329 606 358 668 is
386 605 522 669 accedat
543 613 576 667 et
596 605 754 671 voluntati
775 623 856 668 suae
877 596 1073 667 satisfaciat!
1096 604 1218 666 Surre-

125 714 219 777 xisse
247 713 341 795 igitur
368 710 546 792 Soiijanum
566 710 784 776 ben-Sowoid
806 711 982 794 Celbitam,
1011 711 1101 774 cuius
1128 721 1219 793 poter

127 817 304 885 Sowaidus
331 819 383 882 dic
408 819 627 882 Bennt-Koin
659 819 787 881 occisus
816 827 905 881 esset
916 863 929 903 7
960 827 993 882 et
1020 817 1159 880 dixisse:
1190 816 1218 879 0

128 919 323 1008 Helhelnbe!
352 945 426 990 num
451 925 625 991 Sowaidus
653 925 708 988 tibi
734 934 829 988 notus
859 920 935 988 esti
962 927 1054 988 Ilium
1082 943 1219 1006 respon-

127 1033 233 1098 disse:
259 1032 325 1095 vidi
346 1052 418 1096 eom
440 1032 491 1096 die
511 1031 730 1114 Benat-Kuin,
751 1052 812 1116 quo
834 1031 1032 1095 mordacius
1052 1033 1085 1094 in
1105 1041 1219 1094 ventre

127 1139 273 1204 dissecta
289 1148 374 1220 eret:
394 1147 461 1203 tum
483 1141 616 1203 alterum
638 1139 775 1203 dixisse:
796 1141 861 1203 Per
874 1142 981 1202 Deum
1001 1149 1035 1202 te
1055 1133 1218 1203 occidam!

127 1248 217 1312 ilium
237 1256 344 1310 autem
365 1246 587 1329 respondisse3
608 1247 759 1335 mentitus
780 1265 833 1328 es;
861 1255 895 1309 tu
914 1266 966 1308 me
986 1263 1049 1310 non
1070 1247 1219 1328 occides3

126 1377 180 1420 me
200 1358 305 1437 potius
326 1355 452 1419 occidet
471 1356 704 1419 Ebu-Alsorko
714 1353 753 1435 ¹).
784 1357 867 1418 Tum
892 1356 1014 1419 dixisse
1034 1356 1219 1436 Bisohrum3

72 1422 92 1526 b
126 1462 318 1525 Patientiam
341 1461 506 1546 ostendas,
527 1455 750 1526 oHelhelohe!
772 1464 793 1524 il
805 1481 856 1526 um
871 1470 979 1527 eutem
995 1463 1130 1526 dixisse:
1145 1464 1219 1548 Ego

89 1563 94 1576 '
126 1573 272 1653 profecto
296 1591 369 1635 sum
1186 1581 1188 1588 '

178 1695 637 1841 demorando
710 1733 1170 1829 mmmmm

129 1906 333 1988 »Patiention
358 1925 452 1988 quom
471 1924 610 1968 annosus
632 1908 774 1969 camelus
794 1908 826 1967 in
848 1907 938 1972 ouius
958 1905 1108 1968 lateribus
1130 1905 1220 1969 eico-

169 2011 265 2073 trioes
287 2021 380 2094 sunt,
407 2030 501 2095 quem
522 2012 606 2077 funis
626 2019 660 2074 et
681 2012 843 2096 cingulum
864 2003 1059 2077 laeseruntia

190 2119 272 2180 'l'um
293 2118 334 2181 ad
354 2118 635 2185 Ebu-Sowoidum
655 2138 694 2181 se
717 2121 918 2183 convertisse
937 2119 1106 2184 dicentem.
1129 2119 1157 2182 0
1178 2118 1222 2182 fili

127 2223 251 2309 podicis
263 2218 347 2289 cius!
368 2229 457 2290 Bene
471 2231 647 2310 percutias,
666 2248 740 2290 nam
756 2248 818 2312 ego
833 2238 955 2310 petrem
971 2239 1058 2292 tuum
1080 2230 1125 2291 ita
1144 2249 1222 2312 per-

127 2335 232 2420 cussi,
254 2343 289 2397 ut
308 2334 448 2398 merdam
470 2344 680 2398 excerneret.¹
707 2337 789 2398 'l'um
810 2337 915 2424 canite
936 2344 1114 2398 truncatum
1137 2354 1221 2396 esse.

128 2441 285 2508 Sisibdum
306 2450 413 2505 autem
434 2441 547 2504 eodem
567 2442 661 2505 modo
683 2442 887 2524 respondisse
908 2452 942 2505 et
958 2460 1054 2526 quum
1065 2442 1221 2504 Bisohrns

128 2548 338 2629 (accesserat
364 2550 446 2611 enim
474 2548 516 2610 ad
543 2568 615 2610 eum
644 2549 850 2612 occidendum
879 2551 929 2611 vir
951 2569 970 2610 e
990 2556 1089 2634 gente
1109 2550 1222 2611 Bonu-

128 2657 274 2737 ohloim)
296 2658 326 2719 ei
347 2657 531 2740 patientiam
553 2656 829 2744 commendasset,
851 2657 988 2721 dixisse:

177 2800 305 2937 esse-⁰¹}
328 2799 397 2936 nii
424 2809 534 2938 eta?
560 2791 636 2928 effi
710 2797 786 2946 {³3³2
816 2811 927 2942 me
951 2829 1011 2934 e]
1035 2791 1173 2932 ⁸3:255*

129 3000 338 3083 „Patiention
363 3020 456 3084 quem
478 3002 619 3066 camelus
644 3010 768 3065 tumore
796 3001 827 3065 in
854 3003 950 3064 axilla
975 3002 1122 3066 adiectus
1144 3021 1223 3085 pre-

170 3117 299 3186 mente,
326 3110 475 3193 dicatus,
503 3111 554 3191 qui
582 3119 690 3174 costes
718 3110 858 3194 pectoris
886 3129 982 3192 super
1010 3111 1136 3194 locum,
1169 3111 1223 3174 ubi

170 3219 399 3302 procumbitur,
431 3219 582 3302 proiicit«

212 3350 352 3413 Metrum
378 3349 501 3433 Redjes
531 3361 592 3415 ost.
622 3352 716 3416 Conf.
742 3353 761 3414 1.
790 3374 830 3416 m.
855 3353 975 3436 1:230.
1019 3357 1108 3420 Loco
1130 3359 1223 3423 vocis

128 3458 220 3563 ,ὀμ
242 3465 349 3520 autem
369 3460 484 3541 legitur
504 3455 598 3558 siff
620 3462 788 3525 ”robustus
810 3463 983 3525 camelusm

132 3845 193 3915 86.
243 3841 388 3928 Senior,
417 3867 531 3942 quam
557 3845 680 3918 asinus
707 3841 1021 3944 Abu-Sajjarahi

150 4081 181 4138 1)
198 4081 317 4134 Alsarlra
338 4083 484 4144 (caeruleis
507 4087 591 4138 oeulis
614 4086 750 4152 praedito)
772 4091 833 4136 erat
854 4097 1004 4150 cognomen
1030 4087 1122 4140 metris
1148 4089 1224 4140 Mer-

198 4174 271 4222 wnni
293 4175 512 4242 ben-Alboeern,
538 4179 582 4229 eui
605 4183 668 4231 ereo
690 4177 835 4241 imperium.
869 4176 1008 4240 opprobrii
1030 4185 1223 4233 caussantes·

99 4265 108 4288 ⁸
199 4264 317 4317 slsarlm
335 4267 463 4319 dicebant.
