2996 4928
675 359 716 370 -
756 323 821 386 600
861 353 903 370 ·-·

241 519 357 575 vetlem
379 509 536 594 quendam
558 510 698 574 camelos
725 518 854 591 pentum
882 506 1012 570 deduxit
1040 515 1072 570 et
1093 506 1135 568 ibi
1156 525 1176 568 n
1198 507 1340 571 Sirhano

241 628 426 682 occurrente
448 619 576 680 occisus
600 626 660 679 cst.
693 616 847 682 Sirhenus
863 623 970 682 eutem
990 615 1051 676 hos
1073 632 1190 678 vorsus
1212 615 1342 678 dixisse

240 727 356 790 fertur:

241 1285 373 1349 „Perier
393 1287 536 1347 nuntium
558 1284 739 1366 Nozeihee‚
762 1283 832 1344 eius
855 1285 1047 1344 camelorum
1068 1290 1232 1364 pastorem
1252 1301 1340 1345 ves-

281 1412 358 1478 pere
384 1394 415 1454 in
449 1392 619 1457 Sirhenum
645 1391 811 1473 incidisse,
841 1389 990 1452 incidisse
1017 1408 1156 1470 vespere
1182 1390 1213 1450 in
1236 1408 1340 1474 egre-

281 1500 419 1562 dientem
440 1501 514 1561 lune
534 1499 680 1580 lucente,
707 1505 849 1579 prorutas
873 1516 986 1560 manus
1011 1496 1198 1574 habentem,
1219 1499 1340 1559 confo-

281 1606 395 1669 diendo
417 1615 613 1669 assuetumu

229 1747 232 1764 '
324 1740 486 1804 Versuum
507 1745 643 1800 metrum
665 1737 770 1800 Camil
792 1745 851 1800 ost.
876 1735 970 1800 Cous.
991 1737 1011 1798 Ι.
1034 1755 1074 1798 m.
1095 1755 1126 1818 p.
1147 1736 1219 1799 212.
1250 1737 1340 1799 Pro-

242 1849 384 1912 verbium
405 1848 472 1910 eius
494 1844 727 1910 hemistichium
749 1855 809 1909 est.

604 2151 622 2168 -
820 2149 842 2190 ἃ

242 2220 276 2290 3.
328 2212 454 2287 Noctu
486 2209 533 2284 ud
564 2237 633 2286 nos
666 2228 920 2314 pervenerunt
946 2215 1161 2316 scorpiones
1188 2198 1338 2288 eorum.

323 2347 434 2412 Noctu
462 2348 517 2412 vel
546 2349 627 2412 clem
656 2347 855 2410 contumeliis
884 2356 916 2410 ct
938 2348 1031 2410 malis
1054 2365 1114 2412 nos
1135 2347 1338 2412 adflixerunt

242 2455 370 2540 Lingua
397 2473 469 2518 cum
498 2454 666 2536 scorpione
691 2462 899 2536 comparetur.
941 2455 1030 2518 Dixit
1049 2464 1146 2537 poeto
1165 2455 1338 2536 Aldjohdi:

241 2788 401 2852 „Nunciet
427 2790 538 2873 vobis,
573 2809 612 2854 se
641 2809 718 2852 esse
750 2791 926 2870 sincerum3
960 2787 1020 2854 sed
1049 2791 1082 2852 in
1111 2791 1179 2854 eius
1206 2791 1338 2854 sincero

282 2897 412 2960 consilio
433 2897 537 2962 cende
557 2899 736 2980 scorpionis
759 2905 838 2964 este

241 3004 368 3067 Versus
389 3012 522 3070 metrum
541 3003 724 3066 Motakerib
746 3019 806 3072 est
830 2971 964 3068 consil.
986 3024 1026 3068 m.
1047 3024 1078 3086 p.
1099 3004 1170 3068 281.

755 3137 854 3170 01)
946 3129 964 3171 ὗ

240 3371 275 3444 4.
326 3353 612 3446 Ebu-Baidhus
639 3310 737 3443 viani
763 3371 963 3446 obstruxit.

323 3503 388 3566 Alii
411 3505 471 3566 viri
491 3524 607 3568 nomeu
626 3505 800 3568 Ebu-Bidh
828 3507 1005 3570 enunciant.
1047 3507 1257 3570 Alazmiiihus
1280 3505 1333 3567 dr-

239 3619 304 3700 xit,
332 3614 436 3677 virum
466 3613 624 3696 quendum
652 3624 794 3696 tempore
827 3617 953 3697 antiquo
981 3616 1012 3676 iu
1041 3616 1189 3678 faucibus
1218 3614 1333 3698 pedum

238 3722 347 3785 nervis
367 3722 477 3784 incisis
500 3722 654 3784 camelum
674 3722 903 3804 prostravisse,
930 3730 976 3802 ut,
1000 3722 1164 3804 quominus
1192 3723 1255 3783 iste
1277 3721 1334 3783 vie

238 3829 439 3916 incederent,
481 3829 626 3892 homines
665 3829 838 3911 impediret.
901 3831 1185 3893 Almofedhdhelus
1223 3838 1333 3894 autem

239 3939 395 4023 narravit,
422 3936 661 4002 Ebn-Bidhum
688 3938 791 4000 fuisse
817 3946 1027 4001 mercatorem
1054 3938 1204 4026 divitem,
1237 3959 1332 4022 quem

240 4043 425 4107 Lokmenus
446 4045 626 4127 beu-Ahd‚
655 4065 695 4108 ee
726 4045 904 4109 conditione
934 4054 968 4108 ut
987 4047 1050 4128 ipsi
1070 4048 1176 4110 auxilii
1196 4048 1332 4129 pretium

239 4153 394 4235 solveret,
415 4153 447 4214 in
462 4163 642 4218 mercatum
656 4152 863 4216 defendisset.
896 4155 975 4217 Illud
996 4165 1103 4220 eutem
1123 4159 1332 4220 constitutum

239 4262 372 4342 pretium
395 4281 467 4324 eum
490 4263 520 4324 in
540 4262 685 4324 faucibus
711 4261 917 4350 deposuisse,
948 4283 967 4327 e
994 4241 1108 4350 quibus
1129 4263 1169 4329 id'
1183 4266 1330 4331 Lokme-
