2996 4928
676 325 903 390 ..0049

240 531 343 592 nasus
363 511 458 576 dixit:
479 520 533 605 29³⁵
547 507 567 591 ¹,
581 508 636 577 alli
654 506 744 591 dl?
765 505 856 568 Deus
877 515 911 570 te
931 512 1116 589 conservet,
1133 504 1229 568 filiole
1245 499 1342 582 mi¹)!

240 637 288 700 At
307 635 391 698 lilius
412 631 505 697 dixit:
527 633 621 723 Non,
642 649 702 714 per
720 629 844 714 Deum,
865 637 969 689 mater
988 645 1063 690 mea
1084 626 1253 690 dominon
1274 638 1340 714 eat,

241 741 284 810 ad
304 740 623 808 Omm-Henteelam
642 738 739 818 abiit,
765 743 802 800 ut
821 735 964 801 moleret.
1006 735 1105 800 Pater
1129 744 1258 819 autem,
1284 733 1344 797 lilii

237 851 339 916 verba
365 857 599 928 excusaturus,
627 846 692 908 ista
720 843 821 906 verba
842 843 938 926 dixit,
969 859 1051 923 quae
1071 850 1188 923 postea
1207 843 1239 906 lu
1258 861 1342 924 pro-

236 959 383 1022 verbium
401 962 569 1020 venerunt.
609 954 708 1022 Pater
734 951 861 1020 domum
887 949 1012 1032 redux,
1039 947 1123 1014 lilius
1155 957 1229 1012 tuus
1251 950 1340 1032 apud

237 1065 455 1138 Alaohnasom
476 1061 571 1126 hodio
592 1059 784 1124 eontunrelia
804 1078 856 1122 mo
876 1056 996 1140 alleoit,
1019 1060 1111 1122 uxori
1131 1057 1221 1144 dixit,
1235 1059 1341 1120 verba

238 1178 397 1255 repetens.
441 1171 524 1231 'lum
543 1176 662 1250 mater,
683 1168 766 1230 lilius
788 1184 879 1228 meua
900 1185 979 1246 puer
1000 1166 1063 1228 iam
1087 1175 1147 1228 est.
1188 1166 1242 1230 Ad
1264 1185 1344 1250 quoe·

238 1278 390 1344 Sohailus
417 1274 596 1357 respondite
622 1304 683 1377 Ἣ
709 1299 791 1364 00⁸4
817 1275 877 1372 ‘5⁸⁸
911 1275 1005 1362 με
1037 1273 1179 1337 »Similis
1209 1283 1262 1336 est
1287 1275 1343 1336 vir

239 1402 364 1468 ouidam
385 1399 575 1484 supellectili
594 1417 673 1464 suoo
701 1397 785 1481 quod
807 1395 928 1462 dietum
947 1395 979 1460 in
999 1397 1206 1479 proverbium
1226 1400 1341 1484 cessit·

594 1548 749 1686 mg
788 1531 898 1666 aaz
971 1585 1007 1666 u

243 1778 299 1848 ¹2.
352 1767 496 1848 Cecidit
520 1771 558 1846 in
589 1797 744 1846 manum
768 1770 858 1843 eius.

322 1895 531 1962 Grammatiol
557 1897 597 1961 de
625 1898 794 1980 proverbio
829 1915 892 1958 non
924 1893 1137 1958 consentiunt.
1186 1895 1342 1958 Nonnulli

132 2009 134 2014 ’
239 2009 337 2080 Ma
364 2014 397 2068 et
424 2009 531 2078 ,blial
566 2024 637 2067 cum
667 2006 832 2068 vocalibus
861 2005 982 2066 formae
1008 2002 1132 2085 passivi
1159 2001 1342 2088 admittunt,
1410 1983 1413 1990 ⁴

200 2116 207 2129 ’
240 2123 315 2188 dum
332 2124 500 2187 Allerraus
521 2124 607 2206 prius
628 2123 879 2205 praeferendum
894 2142 969 2186 esse
991 2111 1114 2206 censet,
1136 2120 1342 2184 Abu-Ahm-

241 2249 318 2296 ruus
338 2237 446 2294 autem
473 2232 590 2303 „brui
620 2230 683 2293 diei
702 2249 802 2312 posse
823 2237 931 2311 negat.
975 2231 1039 2291 Hio
1060 2239 1176 2292 autem,
1188 2229 1342 2312 loquendi

243 2355 358 2423 modus
365 2399 378 2438 ,
402 2373 422 2418 a
442 2357 547 2437 poetis
569 2365 643 2418 ante
663 2355 922 2419 Mohammedem
943 2376 1005 2418 non
1027 2355 1184 2418 adhibitus
1205 2357 1342 2437 primurn

241 2463 274 2528 in
295 2463 412 2534 Uareni
434 2463 514 2527 libro
541 2463 633 2542 (Sur.
653 2463 728 2526 Vll.
750 2484 782 2526 v.
811 2463 897 2538 148.)
926 2453 1089 2546 reperitur.
1124 2463 1340 2545 PosterioreS,

244 2589 296 2642 ex,
317 2589 366 2654 gr.
387 2568 665 2653 Abu-Nowasus,
688 2589 761 2632 eum
781 2569 866 2632 haud
886 2579 976 2632 recto
996 2569 1091 2632 modo
1109 2569 1340 2651 adhibuerunt,

240 2679 388 2762 quoniam
407 2693 492 2768 σαι
518 2680 545 2764 3
567 2677 683 2752 μω
713 2678 957 2761 »poenitentiam
987 2678 1059 2760 egio
1089 2677 1256 2760 dixerunt,
1286 2675 1342 2760 qui

240 2801 365 2885 passivi
385 2801 494 2864 utendi
514 2803 629 2866 modus
650 2805 681 2866 in
702 2806 812 2867 verbis
840 2805 1049 2867 intransitivis
1070 2805 1173 2867 licitus
1194 2825 1257 2866 non
1279 2811 1341 2866 est.

239 2911 278 2972 lu
300 2909 418 2974 corani
437 2910 516 2973 libre
544 2911 673 2993 quidam
700 2913 801 2975 verbo
826 2913 926 2976 aotivi
947 2913 1083 2975 vooales
1108 2914 1224 2975 tribuit.
1268 2914 1341 2976 ho-

242 3017 357 3100 quendi
378 3026 485 3082 autem
510 3019 639 3084 modurn
667 3020 798 3083 diverso
819 3021 914 3083 modo
942 3021 1111 3102 explicent.
1155 3023 1258 3104 Sunt,
1287 3023 1341 3103 qui

242 3123 349 3195 daur
369 3128 458 3230 ,eall
481 3127 736 3208 (poenitentiam)
757 3147 834 3192 esse
854 3130 945 3192 verbi
966 3130 1159 3210 subiectum,
1187 3129 1247 3192 sed
1269 3130 1341 3193 hmo

243 3250 422 3333 explicandi
448 3252 529 3314 ratio
558 3253 682 3315 nonnisi
708 3272 780 3318 oum
808 3257 911 3319 verbo
938 3257 1048 3327 activo
1077 3256 1198 3320 admitti
1220 3265 1340 3338 potest.

241 3357 309 3420 Alii
328 3364 484 3439 statuunt,
504 3372 553 3442 ep
573 3379 730 3425 manum
750 3383 826 3426 esse
847 3385 904 3446 pro
925 3365 1119 3445 poenitentia
1141 3365 1279 3450 dietum,
1307 3376 1341 3432 ut

200 3557 203 3566 1
244 3483 297 3547 vir
324 3479 415 3543 verbi
442 3481 622 3545 aubieotum
648 3483 813 3548 habeatnr.
855 3487 961 3550 Maior
981 3487 1115 3570 denique
1135 3487 1341 3569 interpretum

147 3597 154 3614 ⁸
241 3608 318 3673 para
343 3569 575 3670 proverbialem
598 3591 748 3675 loquendi
775 3593 904 3658 modum
943 3594 983 3655 ab
1015 3613 1053 3656 eo
1083 3594 1225 3680 derivat,
1256 3597 1341 3683 quod

243 3696 439 3782 poenitentia
465 3696 581 3760 duetus
608 3718 734 3765 manum
767 3701 931 3782 mordeat,
963 3707 997 3762 ut
1024 3702 1086 3764 viri
1114 3705 1340 3784 poenitentium

243 3807 371 3898 agentis
397 3823 511 3870 murus
538 3824 648 3876 morsu
676 3809 765 3875 laesa
793 3811 844 3874 sit.
879 3809 973 3874 Conl.
1001 3810 1107 3873 Ilarir.
1133 3831 1188 3894 pg.
1214 3814 1286 3875 418.
1307 3819 1341 3877 et

276 4014 306 4072 1)
324 4017 355 4064 lu
373 4016 603 4068 solumi-Altini
625 4031 707 4082 opere
729 4021 860 4086 legimus,
884 4026 1034 4086 quendem,
1060 4037 1138 4088 quum
1159 4023 1240 4075 tilium
1263 4024 1338 4076 illum

327 4103 513 4154 transeuntem
530 4103 637 4155 videret
641 4138 652 4170 ,
670 4105 866 4169 interrogasse:
883 4089 948 4162 elul
974 4092 1029 4193 Uul
1046 4104 1130 4176 „Quo
1148 4103 1253 4160 tendis?
1270 4122 1340 4171 pue-

241 4253 244 4258 ,
323 4199 385 4270 rum
401 4189 495 4238 autem
511 4188 660 4240 audivisse:
683 4188 727 4241 nbi
743 4193 831 4240 molar
847 4192 894 4240 tua
911 4186 972 4246 ertl
995 4194 1025 4244 et
1041 4195 1100 4248 isto
1118 4195 1206 4247 verbis
1222 4207 1339 4261 reapon-

326 4269 406 4320 disse.

1487 4435 1489 4502 l

1487 4523 1488 4565 ι
