2996 4928
164 789 245 855 101.
296 780 418 872 Quam
444 780 614 856 celeriter
640 780 715 857 hoc
741 783 848 857 vobis
872 783 998 857 subito
1024 783 1168 859 inveni!

242 932 401 1016 Narrant,
428 935 590 997 mulierem
624 943 793 997 exeuntem
826 954 921 1018 quum
952 934 1086 1011 rediret,
1125 932 1254 996 domum

125 1111 126 1118 ἵ
160 1062 224 1106 non
243 1043 418 1126 invenisse,
440 1052 475 1106 ut
494 1063 551 1126 per
572 1045 710 1125 quinque
731 1044 852 1106 dierum
873 1043 1011 1125 spatium
1026 1044 1107 1104 inter
1121 1049 1249 1123 gentem

161 1166 252 1211 suom
274 1151 476 1212 oberraverit.
512 1152 593 1214 'l'um
615 1152 718 1213 subito
740 1151 868 1214 domum
889 1150 930 1212 ad
951 1150 1036 1216 latus
1056 1166 1151 1210 suum
1173 1166 1254 1209 oon-

162 1254 312 1337 spoxisse
338 1265 371 1318 et
396 1258 513 1338 verba,
550 1276 634 1340 qnae
663 1267 778 1338 postea
810 1261 842 1320 in
866 1257 1070 1340 proverbium
1097 1257 1254 1338 venerint,

162 1361 292 1424 dixisse.
333 1365 396 1426 Est
415 1366 552 1428 formula
572 1364 759 1444 admirandi,
789 1383 858 1430 vox
887 1365 1002 1450 'ambo
1028 1363 1121 1426 vocis
1146 1363 1255 1449 &boi

160 1487 426 1570 significationem
455 1489 561 1552 habet.
611 1492 648 1552 In
676 1510 748 1552 cum
776 1489 926 1564 adhibent
958 1488 1171 1572 proverbium,
1202 1487 1255 1569 qui

162 1611 363 1676 summopere
384 1605 570 1660 cunctanter
591 1615 720 1678 operam
742 1596 880 1680 faciens,
910 1595 1092 1660 festinantis
1114 1596 1258 1678 speeiem

162 1705 391 1784 praesefert.

430 1824 483 1849 aa
611 1803 661 1848 τι,
733 1815 749 1848 o
851 1796 936 1848 §oe

401 1985 417 2011 .
533 1987 553 2007 .
712 1985 728 2014 ,
767 1984 819 2007 n

166 2051 247 2119 102.
300 2045 465 2120 Tor-rens
489 2049 529 2119 in
553 2045 640 2122 fimo
667 2048 765 2150 repit
792 2049 830 2120 in
857 2045 1031 2121 tenebris.

245 2197 361 2278 Aquae
396 2183 515 2260 fluxus
542 2199 603 2262 sub
636 2199 711 2274 [imo
746 2198 909 2262 innatante
946 2215 1010 2258 non
1046 2194 1260 2276 conspicitur,

162 2306 350 2389 praesertim
377 2315 485 2368 noctu.
525 2310 563 2368 ln
592 2327 664 2370 cum
694 2307 790 2389 igitur
817 2306 999 2387 adhibetur,
1035 2303 1089 2384 qui
1118 2320 1260 2364 amorem

164 2413 302 2475 ostendit
333 2422 365 2475 et
401 2414 432 2476 in
469 2414 571 2476 animo
606 2414 799 2476 inimicitiam
837 2413 985 2475 occultat.
1037 2410 1090 2473 Ad
1122 2417 1257 2472 metrum

164 2528 258 2590 Sarih
278 2529 389 2590 reserri
408 2535 527 2608 potest.
550 2527 645 2590 Conf.
666 2529 685 2591 1.
707 2547 748 2588 m.
771 2545 802 2606 p.
823 2526 895 2588 246.

166 2901 250 2971 103.
302 2895 358 2967 Te
385 2892 533 2997 appello
560 2892 726 2993 gladium
749 2890 946 2979 obtusum,
983 2891 1052 2964 nisi
1079 2903 1261 2990 amputas.

247 3049 284 3110 In
306 3067 379 3108 eum
400 3047 531 3129 dicitur,
562 3046 614 3127 qui
637 3053 713 3107 ante
734 3063 830 3127 quam
850 3061 904 3106 res
924 3041 966 3104 ad
987 3040 1082 3104 finem
1103 3038 1262 3122 perduxit,

166 3154 207 3217 ab
227 3153 354 3237 agendo
381 3153 537 3214 desistere
558 3150 703 3232 videtur,
731 3158 767 3212 ut
792 3151 901 3234 gladio
930 3151 1045 3214 obtuso
1073 3147 1185 3210 similis
1208 3149 1268 3234 sit.

165 3261 219 3323 Ad
240 3269 374 3324 metrum
397 3257 493 3324 Sarih
512 3257 714 3320 referendum
736 3267 796 3320 est.
820 3258 871 3322 Cf.
893 3259 913 3320 1.
934 3275 975 3319 m.
996 3277 1026 3340 p.
1047 3256 1120 3318 246.

171 3629 253 3702 104.
304 3628 407 3728 Ligu,
434 3653 457 3700 o
482 3625 633 3712 semina,
651 3625 717 3698 uhi
742 3623 884 3725 lignum
909 3642 1162 3698 transversum
1182 3646 1261 3694 non

304 3767 378 3840 est,
412 3776 499 3822 nom
533 3777 603 3849 ego
633 3752 744 3823 ineo
774 3775 899 3852 neque
916 3749 1113 3850 ingenium
1138 3769 1262 3847 neque

305 3871 493 3950 solertiam
518 3875 610 3950 mihi
636 3901 784 3975 arrogo.

250 4022 517 4107 Almowarridjus
541 4027 629 4114 dixit,
652 4045 690 4088 se
711 4025 816 4087 virum
838 4042 857 4084 a
877 4031 975 4106 gente
993 4016 1128 4083 Hodsail
1149 4017 1262 4084 dicen-

168 4141 231 4198 tem
253 4133 433 4200 audivisse:
463 4136 586 4232 optuit
612 4131 691 4226 Q
715 4145 791 4234 ψ
815 4131 915 4238 “55⁹³
939 4165 1008 4232 45„
1035 4131 1075 4198 101
1106 4126 1260 4209 »Quando

169 4261 313 4326 camelus
334 4270 409 4326 tuus
430 4266 508 4340 potu
533 4260 668 4326 satiatus
690 4267 758 4340 est,
788 4277 860 4320 eum
887 4254 928 4318 ad
949 4253 1032 4318 hanc
1052 4260 1175 4334 petram
1195 4249 1258 4316 ad-
