2996 4928
274 526 443 611 ministris,
480 525 534 589 exi
561 544 580 587 ο
606 524 744 607 femina,
775 539 939 606 quaereus
963 529 1094 605 gentem
1122 515 1225 586 tuam!
1259 521 1387 602 Quum

256 643 383 702 ¹autem
403 633 496 698 haila
516 636 603 698 fores
627 633 817 716 prodiisset,
846 632 974 694 obviam
999 632 1090 696 venit
1117 631 1270 696 Ahmirus
1294 650 1388 712 por-

275 753 348 806 tans
374 745 526 828 farinam,
556 762 651 826 quam
679 749 850 822 paraverat
877 740 978 803 etde
1005 750 1095 822 patre
1125 750 1158 804 et
1177 741 1276 802 fratre
1303 759 1389 802 eam

274 851 493 934 interrogavit.
535 851 641 913 lh‘xit:
663 850 783 911 neseio.
826 849 908 912 'l'um
928 848 1080 911 Ahmirus
1100 845 1226 911 domum
1246 849 1388 910 intrans

274 959 398 1044 puellae,
416 965 452 1019 ut
465 956 582 1021 domini
593 957 735 1039 vestigia
746 965 942 1040 sequeretur,
964 955 1133 1038 imperavit
1152 964 1186 1018 et
1200 975 1299 1038 quum
1326 957 1390 1018 ills

276 1192 409 1256 »Curva
431 1199 504 1254 estc
525 1199 559 1256 et
580 1197 746 1254 eontracta
767 1181 856 1253 esto!
885 1189 960 1250 Non
986 1189 1086 1250 multo
1109 1199 1215 1250 antem
1235 1196 1316 1270 pust
1340 1186 1388 1250 ad

277 1320 336 1366 ecs
356 1307 515 1363 venerunt
536 1317 638 1360 senex
662 1297 733 1379 ipss
758 1297 893 1378 eiusque
920 1297 1001 1358 tilius
1022 1295 1202 1380 Ahmruus,
1232 1296 1287 1378 qui
1317 1313 1389 1356 ca-

275 1409 379 1471 melos
401 1407 578 1471 invenerat.
619 1405 676 1468 lile
697 1404 802 1468 cibum
820 1403 979 1484 apposuit.
1019 1404 1102 1464 'rum
1129 1402 1210 1466 dixit
1234 1401 1386 1484 Aijasus

276 1532 373 1604 ΛΗ
396 1511 433 1605 3>
461 1514 543 1596 nbis,
567 1510 588 1580 i
613 1511 746 1600 Abii
776 1511 827 1575 „A
853 1519 1004 1594 serpente
1030 1529 1154 1574 morsus
1177 1529 1282 1594 neque
1304 1511 1386 1592 ipse

239 1668 244 1676 ·
276 1641 404 1726 dormit,
426 1659 531 1722 neque
551 1639 632 1702 alius
655 1637 790 1701 dormire
812 1637 919 1720 sinit,a
942 1655 1024 1718 quae
1044 1637 1147 1699 verbe
1167 1635 1199 1697 in
1212 1640 1386 1717 proverbii

201 1801 204 1808 .
277 1748 544 1814 consuetudinem
578 1753 744 1808 venerunt.
791 1745 883 1806 Laila
918 1753 1024 1808 autem
1053 1746 1123 1807 eius
1158 1766 1241 1808 uxor
1277 1747 1385 1810 dixitz

276 1877 335 1942 per
355 1846 479 1922 Deumi
510 1856 584 1938 Ego
605 1853 733 1917 tristitia
754 1851 883 1916 adiecta
903 1871 1030 1933 semper
1050 1863 1256 1936 properanter
1281 1857 1383 1919 iuce-

279 1963 359 2028 dens
391 1981 453 2025 vos
492 1959 667 2042 quaesivit<
712 1959 815 2022 ¹Dixit
848 1978 962 2020 senex:
1005 1959 1056 2020 Tu
1097 1979 1134 2022 es
1175 1961 1334 2026 Chandaf
1340 1963 1381 2044 ¹).

278 2071 363 2132 'l'um
390 2069 545 2132 Ahmirus
571 2067 663 2129 dixit:
693 2068 785 2149 ligo,
813 2085 872 2147 per
892 2058 1014 2130 Deum!
1045 2066 1211 2151 diligenter
1231 2074 1384 2135 venabar

279 2187 313 2241 et
334 2178 519 2258 coquebam.
561 2176 651 2238 Dixit
672 2174 827 2255 (senex):
856 2176 918 2237 „itt
946 2183 980 2238 tu
1001 2177 1188 2240 'i'babieheh
1214 2155 1381 2262 (coquus)

280 2305 348 2349 esu
390 2284 480 2347 Dixit
515 2283 697 2348 Ahmeuusz
728 2282 822 2363 Quod
856 2301 918 2366 ego
947 2283 1029 2370 feei,
1062 2288 1275 2368 praestantius
1310 2296 1381 2374 est,

279 2397 420 2460 camelus
442 2403 613 2458 assecutus
636 2409 717 2456 sum.
759 2392 849 2456 Dixit
869 2412 986 2456 senex:
1017 2403 1049 2458 et
1077 2402 1113 2457 tu
1144 2414 1181 2458 es
1206 2396 1381 2462 Modricah

281 2501 512 2585 (adsequens).
549 2501 733 2564 0hmairum
755 2509 863 2564 autem
884 2501 1038 2566 Komab
1064 2503 1256 2586 appellavit,
1289 2505 1380 2587 quod

281 2612 414 2676 iselam
439 2609 471 2672 in
501 2607 627 2672 domum
657 2609 825 2690 ingressus
852 2616 929 2671 erat.
971 2611 1064 2672 Haec
1084 2627 1163 2673 vero
1186 2615 1380 2694 cognomina

280 2719 439 2782 nominum
466 2717 606 2798 ipsorum
631 2717 737 2779 iocum
764 2725 879 2797 postea
906 2719 1064 2782 tenebant.
1106 2718 1314 2783 Proverbium
1338 2721 1380 2785 de

281 2849 321 2891 eo
343 2825 524 2907 adhibetur,
557 2825 611 2908 qui
631 2826 701 2907 ipse
728 2843 792 2886 nou
813 2825 969 2909 quiescit,
999 2835 1032 2889 et
1052 2827 1131 2891 alios
1153 2829 1293 2910 quietem
1316 2848 1378 2893 ca-

281 2953 359 3020 pere
378 2953 442 2998 nou
462 2933 565 2996 sinite

284 3277 346 3350 ab.
382 3277 399 3347 I
425 3302 511 3349 eum
537 3273 692 3348 fortuna
718 3292 784 3348 tua
809 3294 847 3349 et
871 3303 948 3352 non
976 3307 1064 3352 eum
1087 3278 1283 3380 diligentia
1297 3297 1378 3356 tua

346 3423 458 3487 Verba
478 3423 561 3485 haec
581 3423 729 3486 Hatimus
758 3425 1012 3490 ben-Homairah
1033 3429 1233 3492 Hamdnnida
1253 3417 1378 3494 dixisse

284 3531 395 3596 fertur.
442 3532 578 3594 Miserat
607 3529 689 3594 filios
723 3552 801 3595 suos
829 3533 986 3598 Alhislum
1020 3543 1053 3596 et
1086 3537 1301 3618 Ahdjinahum
1337 3539 1379 3601 ad

286 3650 497 3704 mercaturam
531 3641 719 3703 faciendam.
772 3641 917 3704 Aihislus
951 3661 971 3704 a
1004 3645 1191 3724 quibusdam
1224 3667 1242 3706 e
1279 3654 1378 3728 gente

286 3750 379 3813 Asad
401 3749 542 3829 direptus
564 3755 596 3810 et
611 3745 651 3830 [in
673 3749 890 3829 captivitatem
911 3748 1067 3813 abductus
1088 3761 1155 3833 est3
1177 3753 1379 3835 Ahdjinnhus

287 3875 368 3919 veru
394 3859 426 3919 iu
452 3857 507 3917 via
534 3875 613 3937 opes
640 3857 760 3919 invenit
765 3901 777 3940 ,
809 3858 923 3938 quibus
951 3857 1072 3939 potitus
1102 3861 1209 3922 statim
1238 3861 1279 3923 ad
1300 3881 1378 3924 suos

288 3967 387 4030 rediit.
418 3966 470 4027 En
491 3985 526 4027 re
547 3967 622 4027 laeti
644 3964 778 4028 reditum
799 3965 913 4027 Albisli
933 3970 1182 4050 exspectabant3
1204 3971 1264 4032 sed
1285 3989 1378 4053 quum

287 4081 431 4157 tempore
452 4067 570 4155 elapso'
583 4094 647 4136 non
668 4073 831 4152 rediisset,
854 4093 893 4136 ue
915 4077 945 4137 ei
966 4077 1041 4158 quid
1063 4079 1135 4141 mali
1162 4081 1193 4140 iu
1213 4081 1267 4141 via
1288 4080 1379 4142 aeci-

368 4211 531 4224 .-—--·-.--

322 4301 353 4358 1)
375 4303 399 4352 Α
416 4291 537 4358 oca>
560 4305 762 4367 „properanter
778 4300 909 4354 incessit“
928 4317 1027 4356 nomeu
1047 4307 1196 4357 deductum.
