3026 4942
143 511 230 582 264.
283 510 517 583 Incesserunt
544 513 604 582 via
630 509 861 584 Alohnzolin.

208 635 340 717 Legitur
361 655 486 718 quoque
506 635 611 744 &sb
634 637 662 721 [3
686 629 765 703 (tbi
787 636 869 698 conf.
893 635 1015 699 Schult.
1037 654 1127 716 prov.
1140 633 1237 698 Meid.

145 781 220 846 pag.
240 763 311 825 261.
340 763 547 826 Proverbium
574 762 663 824 viros
690 782 796 825 errare
828 761 996 846 significat.
1034 762 1099 823 Via
1120 769 1238 844 autem,

145 890 227 951 quae
249 893 268 933 e
293 873 425 954 regione
445 875 595 935 Jemama
620 872 757 933 Bazram
784 871 887 954 ducit,
912 869 1067 955 lumi
1093 868 1241 964 &lo-b

144 1026 328 1106 appelletur.
366 1024 572 1088 Alaznrdihus
593 1041 710 1085 vocem
731 997 847 1107 fidit
870 1020 1060 1084 enunciavit-
1096 1019 1239 1081 Prover-

142 1151 227 1210 bium
250 1158 356 1212 autern
376 1148 448 1211 inde
471 1149 623 1231 originem
645 1149 776 1211 duxisse
798 1146 928 1231 dicitur,
951 1147 1034 1229 quod
1054 1135 1150 1228 po'ota
1171 1148 1239 1208 Al-

142 1257 343 1320 ferasdak
364 1260 551 1339 appellatus,
575 1257 731 1339 quondam
753 1258 783 1316 in
804 1257 859 1317 via
881 1265 1038 1319 errantem
1054 1254 1238 1318 describens

143 1366 192 1428 sic
214 1366 328 1428 dixerit

142 1498 262 1633 ’.ιιι
285 1498 404 1618 &out
420 1483 477 1634 ei
503 1529 531 1608 ι
555 1496 716 1636 μὴ..
743 1499 865 1620 scu
887 1495 1041 1613 vorat
1059 1508 1160 1634 pp
1183 1491 1242 1626 ul

144 1676 274 1738 „uoluit
294 1659 560 1737 via'Alohnzolin
581 1674 748 1754 neodem
778 1672 836 1735 sed
865 1674 978 1736 camur
1006 1674 1068 1734 un
1097 1673 1137 1737 ιι
1158 1675 1238 1736 snr-

184 1790 284 1845 strum
305 1785 388 1845 latus
410 1803 482 1844 eum
502 1782 700 1844 abduxerunt
707 1826 718 1863 ‚
749 1781 823 1842 dum
843 1781 875 1843 in
898 1798 1031 1842 recessu
1053 1781 1176 1842 collium
1197 1780 1239 1844 ad
1291 1851 1296 1860 ,

182 1891 342 1952 sinistrum
363 1892 445 1953 latus
467 1889 673 1954 decedebat«
725 1965 727 1970 Ι

225 1999 365 2061 Metrurn
386 2016 502 2059 versus
524 1998 682 2061 'l'hawil
707 2000 897 2095 appellatum
919 2005 978 2060 est.
999 1997 1083 2060 conf.
1103 2000 1123 2059 l.
1144 2018 1185 2059 m.
1208 2018 1238 2079 p.
1358 2076 1361 2084 Ι

143 2106 211 2169 162.
253 2106 381 2188 Vulgus
401 2115 508 2192 putat,
539 2105 579 2169 de
605 2107 688 2169 omni
717 2115 841 2170 errante
864 2106 924 2169 dici
944 2127 1062 2191 posse,
1092 2127 1163 2170 aum
1184 2107 1239 2168 via

140 2214 389 2277 Alohnzolin
410 2214 569 2296 incedere,
592 2214 675 2296 quod
696 2234 775 2276 vero
796 2235 859 2276 non
881 2216 924 2276 ita
945 2233 982 2277 se
1002 2215 1108 2277 habet.
1136 2215 1239 2277 Poeta

141 2330 223 2390 enim
245 2330 330 2393 viam
351 2331 586 2392 Alohnzolin
608 2331 694 2393 viam
715 2330 829 2393 falsam
845 2329 958 2414 luisse,
975 2330 1238 2412 quemadmodum

141 2439 257 2519 vulgus
278 2438 411 2520 putavit,
434 2457 496 2499 non
518 2436 604 2498 dixit.
634 2438 698 2500 Via
715 2447 805 2501 recta
820 2459 861 2502 ox
876 2448 991 2520 poetae
1006 2438 1164 2501 sententia
1178 2447 1238 2501 est

275 2570 994 2780 Qfiffllleffijeall&
1064 2618 1122 2698 llo

141 2804 226 2876 265
279 2800 339 2872 Tu
364 2803 494 2889 nescis,
521 2799 567 2874 nd
594 2827 796 2902 quamnam
824 2828 903 2876 rem
930 2807 1051 2874 anima
1079 2819 1144 2874 tua
1169 2803 1238 2873 im·

277 2924 450 3027 pellatur.

222 3055 356 3136 hegitur
384 3075 508 3139 quoque
535 3057 631 3152 exsp
656 3055 726 3162 ῥίς
752 3087 811 3142 Λ,
841 3054 953 3119 eodem
981 3073 1086 3116 seusu.
1133 3053 1236 3115 Huius
1350 3039 1353 3044 ’
1387 3077 1391 3087 ·

139 3182 297 3263 proverbii
319 3183 402 3243 etin
424 3183 567 3245 Kamuso
589 3192 622 3244 et
642 3182 673 3243 in
694 3181 857 3263 Djeuharii
885 3202 980 3265 opere
1007 3180 1123 3243 mentio
1149 3181 1237 3242 sacta

140 3297 197 3350 est
241 3289 292 3350 De
313 3310 353 3351 eo
376 3289 555 3376 adhibetur,
577 3291 629 3373 qui
650 3299 758 3353 aetate
778 3298 951 3373 provectus
973 3309 1051 3374 rom,
1073 3309 1155 3372 quae
1175 3288 1235 3369 ipsi

137 3393 249 3458 honori
269 3415 331 3500 uon
353 3395 484 3482 ducitur,
506 3397 639 3478 suscipit
661 3406 693 3459 ot
713 3400 810 3460 stulte
830 3398 972 3479 loquitur.

562 3530 655 3564 2>
764 3531 807 3565 Η

354 3527 505 3686 &Q
541 3594 654 3723 0st
692 3542 930 3687 ’532555
878 3581 1056 3744 055

138 3765 222 3836 266.
275 3761 473 3862 Diligentie
505 3782 542 3836 et
569 3767 801 3840 continuatio
828 3768 866 3837 in
898 3791 1013 3869 opere
1045 3763 1234 3864 fatigatio-

267 3915 352 3962 nem
379 3908 565 3991 procreat.

218 4014 417 4079 Vocabulum
441 4005 556 4110 203„AE
578 4018 769 4080 scholiastes
790 4018 927 4080 vocibus
947 4018 1072 4120 gutuli,
1099 4017 1232 4110 Quadi

138 4141 291 4204 ”Summa
313 4143 343 4203 in
366 4162 464 4225 opere
485 4142 646 4227 diligentia
668 4153 701 4206 et
721 4145 933 4206 continuatione
948 4144 1131 4225 explicavit.
1153 4146 1234 4207 Mo-

136 4248 329 4314 derationem
351 4251 382 4314 in
403 4253 499 4316 rebus
520 4252 723 4317 commendat
742 4251 955 4336 proverbium,
982 4251 1066 4316 conl.
1088 4270 1178 4334 prov.
1200 4250 1232 4312 2.
