3004 4926
580 365 623 376 -
664 328 727 392 573
766 363 807 376 -

148 533 334 598 proponam,
356 512 526 597 dequibus
546 512 740 596 respondero
760 531 823 576 non
845 514 974 596 poteris.
1016 515 1073 576 lllo
1093 522 1128 576 ut
1148 531 1238 596 que-

148 625 285 688 stionem
317 634 525 704 proponeret,
559 623 777 704 postuslante,
814 642 873 684 rex
900 641 1031 684 servum
1058 623 1088 684 ei
1115 625 1239 704 alapam

149 732 271 796 duoere
298 730 407 810 iussit,
443 731 660 812 interrogans,
693 731 788 818 qoale
820 738 872 792 est
904 736 991 792 tuam
1026 725 1240 810 responsum?

152 838 332 924 Respondit
360 839 456 900 alter:
485 837 577 937 >sio
603 849 681 906 μω
714 816 858 904 ”Stultos
885 838 1025 900 iussus«
1073 838 1148 902 Rex
1176 847 1240 902 tum

153 939 276 1020 alapam
304 947 448 1019 repetere
478 956 610 1000 servum
643 937 737 1000 iussit
771 936 898 1002 dicens:
935 938 1028 1019 Quod
1054 957 1241 1020 responsum

155 1041 276 1108 habes?
297 1045 388 1106 Alter
409 1043 503 1109 dixit:
531 1045 675 1142 &pas
700 1055 768 1125 Q!
794 1047 851 1128 „J
874 1043 953 1134 &iio
977 1039 1056 1112 (bi
1071 1043 1162 1135 ῥ’).
1185 1047 1242 1108 „Si

154 1147 263 1229 prioris
290 1165 394 1228 poena
428 1145 566 1207 afflictus
600 1152 707 1226 esset3
742 1142 783 1207 ad
813 1145 943 1208 alteram
974 1167 1035 1209 non
1063 1147 1240 1210 rediisseto

154 1254 222 1316 Sed
249 1254 323 1336 quia
345 1273 404 1315 rex
432 1271 505 1314 eum
532 1251 679 1314 occidere
701 1251 732 1318 in
759 1251 863 1313 animo
893 1249 1047 1334 habebat,
1076 1254 1161 1314 siin
1190 1254 1241 1316 lo-

153 1361 279 1445 quendo
314 1361 443 1423 modum
483 1369 607 1423 rectum
646 1359 943 1444 transgrederetur,
988 1361 1079 1422 tertio
1112 1377 1242 1424 servum

153 1472 280 1551 alapam
315 1470 344 1530 ei
376 1469 493 1531 ducere
528 1470 623 1530 iussit
659 1470 878 1551 interrogans,
926 1470 1019 1560 quale
1055 1487 1243 1549 responsum

154 1570 296 1639 haberet.
326 1575 432 1656 Quum
454 1577 505 1639 illo
525 1576 683 1657 proverbii
702 1576 812 1637 verbis
832 1574 1052 1656 responderet,
1073 1595 1131 1639 rex
1152 1575 1243 1640 dixit:

153 1695 276 1750 reolum
297 1686 463 1768 invenisti,
486 1685 571 1766 apud
591 1704 643 1747 me
663 1676 772 1746 mane!

700 1805 718 1824 ae
768 1792 781 1825 a
830 1775 905 1828 »ss,

370 1794 490 1968 jo}
523 1808 659 1922 taiadi
694 1862 788 1974 φο
823 1828 902 1965 teri)
976 1847 1033 1926 ivo

158 2035 238 2103 177.
289 2027 490 2103 Consilium
518 2032 595 2101 eius
621 2029 728 2102 nimis
752 2025 939 2102 infirmum
965 2044 1037 2118 est,
1064 2055 1179 2129 quam
1204 2046 1246 2101 ut

290 2131 458 2228 regiones
486 2129 577 2204 altas
603 2133 770 2229 attingat.

237 2257 273 2317 ln
296 2260 369 2317 etim
390 2256 515 2340 dieitur,
543 2259 632 2322 cuius
660 2255 829 2337 prudentia
857 2255 889 2314 in
917 2254 1009 2315 rebus
1036 2255 1145 2333 parvis
1175 2274 1246 2316 eum

155 2365 284 2447 deserit,
306 2372 342 2426 ut
364 2365 394 2426 in
414 2367 509 2428 rebus
529 2365 656 2446 magnis
677 2364 752 2426 nihil
772 2363 890 2427 valeat.

424 2745 608 2816 llorma
640 2740 978 2829 eomparatlvl.

160 3293 240 3363 178.
293 3287 409 3384 Magis
435 3303 531 3388 potu
564 3288 734 3380 satiatus,
775 3282 1251 3386 quam-struthiocamelus.

241 3414 528 3478 struthiocamelus
558 3413 598 3476 ad
626 3433 742 3496 aquam
768 3433 831 3475 non
857 3413 983 3475 aceedit
1004 3423 1037 3474 et
1057 3415 1179 3475 nonnisi
1201 3415 1252 3474 lu-

158 3522 262 3586 dendo
296 3523 381 3585 bibit.
427 3525 567 3605 Dicunt,
605 3522 897 3583 struthiocamelum
935 3543 998 3585 non
1033 3522 1156 3604 bibero,
1193 3521 1253 3582 nisi

158 3650 273 3713 aquam
295 3631 353 3692 sub
375 3630 508 3712 pedibus
529 3629 694 3691 insienerit.

163 3980 245 4052 179.
296 3975 410 4076 Magis
441 3988 537 4076 pota
563 3974 733 4062 satiatus,
768 3998 883 4074 quom
907 3969 1058 4044 lacerta.

160 4127 426 4145 με

195 4203 225 4262 l)
242 4203 373 4253 Fortasse
389 4201 550 4252 vertendum
573 4206 628 4251 est:
653 4201 676 4250 si
698 4193 794 4264 prioris
812 4195 1018 4249 admonitionem
1037 4191 1203 4256 admisisset,
1221 4192 1255 4240 ad

244 4296 360 4345 alteram
378 4305 432 4345 non
449 4290 582 4342 rediisset.
