2988 4952
648 395 877 469 ⁴—v1—

232 585 284 628 me
310 564 428 626 hortari
454 563 528 625 visa
552 570 614 623 est.
656 560 792 624 Primum
825 560 920 644 igitur
944 567 1043 622 totum
1064 559 1216 624 Meidunii
1238 579 1317 642 opus

232 717 304 762 cum
339 698 467 761 scholiis
501 695 650 778 integris,
684 695 781 758 latina
813 693 961 756 versione
996 706 1030 757 et
1064 694 1317 758 adnotationibus

231 829 327 892 edere
345 827 384 912 {in
411 830 515 892 animo
543 827 618 890 mihi
644 835 741 909 erat,
760 827 841 890 duas
870 835 935 888 tum
960 827 991 888 in
1020 831 1117 910 opere
1136 796 1316 890 accuratius

231 935 410 1026 examinato
431 937 632 1041 potissimum
653 976 770 1023 causas
791 945 1021 1038 vitationem
1041 960 1081 1023 ab
1101 959 1163 1024 is'td
1184 959 1315 1022 consilio

229 1095 425 1158 desisterem.
474 1092 547 1156 Una
573 1102 642 1156 erat
666 1072 773 1175 operis
800 1079 918 1175 mapna
945 1093 1065 1178 moles,
1093 1111 1156 1174 qua
1185 1094 1315 1156 multum

230 1238 396 1294 crescente
421 1229 460 1290 ob
489 1229 691 1291 necessarias
712 1237 779 1291 tum
801 1227 927 1290 criticas
948 1235 1013 1290 tum
1033 1228 1112 1290 alias
1133 1219 1315 1291 adnotatio·

228 1382 287 1424 nea
313 1362 554 1446 versionemque
580 1362 647 1437 libri
673 1363 806 1442 pretium
834 1360 879 1422 ita
904 1358 1085 1442 augendum
1113 1351 1249 1444 fuisset,
1278 1370 1314 1424 ut

228 1495 338 1576 paucis
358 1503 479 1558 tantum
500 1494 568 1556 libri
587 1469 713 1554 emendi
733 1499 766 1554 et
791 1490 898 1554 utendi
925 1492 1018 1573 copia
1043 1493 1234 1575 mansisset,
1263 1494 1313 1555 al-

227 1639 297 1690 tera
323 1627 354 1688 in
383 1646 421 1688 eo
449 1625 574 1706 posita,
611 1623 695 1705 quod
725 1624 757 1686 in
785 1617 914 1686 scholiis
942 1609 1093 1688 Moidenfi
1119 1627 1311 1702 multa'sres
1431 1645 1438 1654 ·

217 1760 418 1843 invenirem,
448 1776 529 1839 quae
555 1757 663 1820 maiori
689 1757 860 1838 legentium
890 1758 971 1839 parti
997 1766 1054 1821 aut
1079 1773 1191 1840 parum
1220 1761 1311 1823 utiles

226 1901 281 1955 aut
301 1863 438 1974 prorsus
462 1891 586 1953 inutiles
611 1891 712 1953 omitti
729 1899 783 1954 aui
809 1877 939 1954 brevius
968 1889 1029 1956 diei
1053 1895 1194 1974 possent.
1238 1892 1311 1971 Qua

225 2026 256 2086 in
284 2045 319 2086 re
346 2025 433 2106 fore,
463 1998 507 2086 ut
522 2025 678 2107 pluribus,
700 2011 776 2086 sunt
798 2023 896 2106 enim,
926 2025 978 2104 qui
998 2024 1103 2086 omnia
1122 2031 1155 2085 e't
1175 2040 1309 2105 prorsus

224 2158 344 2221 inutilia
364 2123 487 2219 edenda
507 2135 619 2238 putent
639 2139 828 2218 scholiorum
849 2148 1140 2241 ve'rbm'placerem
1161 2171 1307 2240 sperans,

223 2292 414 2357 scholiorum
435 2289 591 2354 delectmn
609 2265 785 2354 habendum
810 2284 885 2354 esse
905 2291 1015 2373 putavi
1034 2291 1094 2363 ita,
1119 2300 1153 2354 ut
1174 2291 1309 2354 utilitate

223 2428 289 2491 libri
314 2427 399 2492 haud
426 2427 587 2508 imminute
613 2433 714 2490 totum
744 2444 823 2509 opus
849 2435 882 2489 et
901 2425 1026 2490 facilius
1047 2427 1134 2490 lectu
1155 2421 1307 2493 maiorem

213 2565 400 2648 ,legentibus
429 2528 623 2646 voluptatem
654 2539 780 2646 pararet
822 2570 854 2626 et
877 2565 1022 2638 ‚minore
1043 2565 1143 2646 pretio
1177 2562 1307 2626 emturis

222 2697 467 2780 comparandum
489 2708 588 2762 esset.
630 2698 724 2780 Elegi
745 2696 841 2780 igitur
862 2679 904 2759 eir
923 2693 1075 2761 llleidanii
1096 2697 1226 2762 scholiis
1248 2714 1306 2760 eas

220 2833 416 2913 potissimum
436 2850 502 2914 res,
525 2849 607 2913 quae
627 2842 693 2895 tum
713 2830 753 2893 ad
774 2829 979 2914 intelligenda
999 2832 1166 2911 proverbia
1185 2849 1305 2894 neces·

220 2963 326 3027 sariae
363 2971 429 3024 tum
460 2961 501 3024 ad
535 2961 696 3024 historiam
724 2963 864 3024 Arabum
902 2959 1085 3026 discendam
1112 2971 1145 3026 et
1174 2962 1304 3025 'vivendi

219 3098 372 3160 rationem
398 3114 568 3178 moresque
595 3056 838 3178 cognoscendos
866 3096 959 3159 utiles
980 3095 1170 3159 viderentur.
1213 3096 1303 3175 Quas

219 3247 298 3291 vero
325 3239 379 3284 res
406 3221 500 3284 modo
533 3221 661 3285 brevius
684 3197 778 3303 diui,
811 3212 904 3303 quam
934 3223 965 3284 in
991 3223 1121 3286 scholiis
1149 3223 1303 3305 scriptum

218 3369 304 3445 erat,
325 3354 419 3418 modo
440 3352 553 3417 iisdem
577 3354 644 3416 fere
665 3353 772 3416 verbis
793 3343 890 3438 usus,
911 3352 1173 3436 quemadmodum
1193 3355 1301 3418 utilius

218 3505 293 3552 esse
318 3488 485 3578 putabam,
511 3503 565 3546 res
590 3484 698 3566 retuli,
725 3482 799 3545 dum
821 3492 885 3547 tam
905 3485 937 3546 in
956 3486 1133 3567 proverbiis
1154 3505 1248 3568 quam
1269 3487 1300 3550 in
1406 3485 1411 3494 ⁸

151 3691 154 3696 ,
217 3623 365 3685 versibus
385 3621 738 3684 vocales·necessarias
760 3619 924 3685 addebam.
966 3623 1047 3687 Cum
1067 3625 1218 3688 Meidunii
1238 3625 1300 3689 ad-

216 3711 426 3844 notationibus
445 3762 511 3854 tum
534 3752 792 3862 Samaehscharii
811 3763 878 3818 tum
896 3757 1197 3840 seherus-Aldini¹)
1219 3779 1299 3822 seu-

216 3888 358 3972 tentiam,
381 3890 410 3950 si
431 3857 635 3972 discreparet,
657 3861 813 3952 coniunxi.
848 3890 939 3969 Quae
959 3891 1147 3976 interpretes
1169 3895 1298 3958 Arabici

233 4113 263 4171 1)
280 4114 489 4166 samaemohartl
505 4115 603 4183 operis,
621 4128 673 4168 nee
688 4129 743 4168 non
759 4117 843 4180 partis
860 4119 980 4179 (litterae
995 4119 1062 4179 llllt')
1079 4120 1297 4172 scierat-Altini

277 4209 305 4256 et
325 4206 424 4256 codicia
444 4209 632 4272 hommensis
653 4210 865 4276 Pocoohlanique
882 4226 958 4264 mum
974 4214 1105 4264 amicitiae
1126 4218 1153 4265 et
1173 4216 1295 4266 benevo-

278 4295 378 4350 lentiae
395 4299 526 4363 weyerst
540 4302 705 4353 celeberrimi
725 4303 753 4356 iu
774 4305 947 4359 univmsltate
967 4307 1141 4372 magdunensi
1157 4311 1296 4370 protesso-

203 4384 207 4394 '
280 4389 315 4444 rla
331 4403 374 4444 me
395 4391 509 4458 debere,
535 4393 560 4444 id
582 4397 661 4460 grato
679 4395 767 4448 animo
790 4410 808 4447 a
825 4409 868 4448 me
889 4397 1028 4450 dicendum
1047 4405 1098 4448 est.
