3044 4938
579 335 802 398 -187-
920 335 925 348 ’

230 512 334 579 Vilcur
350 517 385 577 in
402 516 514 578 nobilis
536 515 698 580 cuiusdam
724 518 855 580 tutelam
882 533 923 577 sc
947 517 1130 599 recepisse,
1156 536 1235 598 pro-

148 624 289 688 corbin
314 623 472 708 designat.
515 625 655 688 Metram
676 625 803 688 Sarib
821 633 881 686 aot
903 625 986 686 cous.
1011 626 1031 686 l.
1050 645 1091 688 ιιι.
1111 644 1142 706 p.
1164 623 1237 687 243

388 793 1024 975 QQQQQm

151 1043 233 1113 135.
282 1035 382 1112 Filiis
407 1040 480 1112 ruis
505 1063 659 1139 parum,
682 1037 773 1112 mihi
797 1037 959 1115 multum
983 1038 1049 1116 del
1181 1083 1188 1089 ·

162 1239 165 1246 ⁴
229 1213 335 1295 Anno,
358 1233 420 1296 quo
441 1211 585 1278 homiues
607 1191 713 1297 iuopia
728 1214 922 1300 laborabant,
944 1215 995 1275 vir
1009 1215 1134 1298 quidam
1156 1219 1237 1284 dac-

147 1323 235 1404 tylos
257 1331 507 1404 comparaverat,
530 1323 583 1403 qui
598 1321 734 1405 familiae
752 1321 900 1418 alimento
915 1319 1112 1386 inservirent.
1148 1327 1239 1390 Uxor

149 1426 295 1510 dactylos
312 1427 449 1512 quotidie
464 1431 495 1491 iu
515 1438 623 1513 partes
645 1431 795 1512 aequales
817 1427 1032 1512 distribuebat,
1053 1438 1088 1491 ut
1106 1418 1238 1496 maritus

148 1556 204 1620 pro
225 1544 331 1599 aetate
355 1557 413 1599 sua
432 1557 542 1617 parum
564 1535 626 1598 cibi
647 1538 814 1617 acciperet.
851 1535 955 1616 Quam
976 1557 1044 1598 rem
1065 1558 1163 1622 aegre
1183 1541 1237 1602 fe-

146 1688 239 1751 rens,
270 1669 352 1732 haec
373 1670 531 1751 proverbii
557 1670 636 1731 dixit
654 1671 763 1753 verba.
806 1669 1006 1731 Vocabulum
1027 1698 1096 1773 ρ
1117 1681 1238 1736 tautum

147 1796 246 1879 dedit,
273 1806 420 1878 quantum
441 1797 510 1860 avi
530 1816 685 1878 parvae
711 1813 829 1895 ⁸5¹²*
850 1796 1089 1878 appellatae
1109 1795 1238 1876 sufficit3

145 1930 230 2014 a&
250 1961 328 2007 vero
344 1953 494 2027 quantum
515 1945 584 2008 avi
604 1947 750 2009 maiori
769 1928 842 2014 alia
863 1949 1118 2030 appellatae,
1134 1948 1239 2030 signi-

145 2067 232 2131 ficat.
274 2065 458 2150 Aequaliter
479 2085 573 2152 quum
596 2070 759 2133 distribuat
780 2071 829 2133 vir
849 2071 932 2134 dona
952 2073 1033 2135 iuter
1054 2091 1142 2158 suos,
1166 2089 1237 2152 eos,

147 2178 200 2260 qui
218 2194 376 2258 personae
397 2179 465 2243 cius
489 2178 669 2260 propriores
697 2177 777 2260 siut,
808 2179 928 2242 maiora
957 2178 1042 2250 dona
1067 2181 1239 2262 poatrdaro,

146 2281 306 2367 significat
332 2283 553 2369 proverbium,
588 2283 671 2367 quod
697 2285 741 2347 ad
775 2295 908 2348 mecum
938 2289 1059 2351 Sarih
1093 2284 1242 2372 revocari

147 2400 262 2474 potest.
294 2391 379 2456 conf.
399 2395 465 2460 libr.
486 2411 592 2458 meum
615 2413 645 2480 p.
667 2392 739 2456 243.

386 2514 1024 2715 QWQWQW

154 2757 236 2834 136.
285 2757 385 2828 Deus
412 2749 458 2826 ad
493 2771 700 2830 extremum
732 2759 830 2832 vitae
865 2759 1065 2834 terminum
1089 2777 1126 2832 te
1150 2785 1243 2862 per-

281 2879 413 2957 ducat!

230 3030 267 3090 lu
287 3027 449 3109 Djeuharii
470 3045 567 3112 opere
587 3032 646 3095 sub
667 3035 718 3102 ἃς
738 3033 939 3116 proverbium
959 3036 1088 3121 legitur,
1097 3055 1159 3099 uec
1178 3057 1241 3100 nou

149 3153 181 3213 in
203 3153 462 3218 Semachscharii
484 3171 590 3237 opere.

587 3323 714 3350 ..

362 3335 1172 3491 &abQssma‘

154 3574 235 3643 137.
271 3569 394 3658 Quam
411 3595 571 3669 pravum
595 3587 668 3662 est,
688 3601 808 3674 quum
825 3574 961 3678 hospes
985 3603 1098 3652 auum
1114 3577 1241 3655 fricat!

232 3718 448 3780 Abu-Saidus
475 3721 677 3799 proverbium
704 3723 853 3786 adserens
874 3727 917 3788 nil
939 3727 1116 3809 explicandi
1136 3729 1240 3810 gratia

151 3826 277 3888 addidit.
319 3827 410 3888 Loco
431 3828 524 3889 vocis
544 3830 626 3896 ὗε·
646 3830 698 3893 alii
717 3841 782 3914 μ
804 3833 919 3895 locus
941 3837 1058 3918 legunt

399 3990 1026 4197 Μῇὥῇᾖω

156 4237 237 4309 138.
277 4233 398 4324 Quam
423 4235 624 4336 pulchrum
651 4257 704 4316 eat
732 4267 817 4318 crus
844 4241 1024 4346 compede
1049 4249 1240 4321 ornatum!
