3004 4926
688 358 727 370 ·-
767 325 829 388 522
871 359 903 370 -

540 545 739 729 ιδιῖξι
641 534 938 727 >ff
847 587 1058 704 ξι»

254 775 289 850 9.
325 769 515 846 Dillerle
506 771 758 844 incursionem
784 765 973 842 hostilem!
1001 793 1046 868 pr
1049 764 1167 839 odibit
1183 763 1353 865 (infans).

337 899 374 960 In
393 915 484 961 mora
505 903 538 962 et
559 897 664 961 exitus
694 895 935 979 exspectatione
955 893 1157 976 proverbium
1178 893 1356 971 adhibetur.

254 1001 366 1066 Verba
386 1002 469 1068 haec
488 1003 625 1068 feminae
645 1003 791 1068 Rikasch
817 1002 1014 1084 appellatae,
1042 1019 1126 1083 quae
1153 1002 1195 1064 ad
1223 1009 1359 1084 gentem

257 1107 411 1173 Gerranab
430 1111 623 1197 pertinebat,
652 1110 882 1192 adscribuntur.
924 1109 1057 1172 Femina
1078 1110 1150 1191 ista,
1174 1127 1357 1190 quaecum

257 1225 355 1303 gente
375 1233 437 1280 sua
464 1217 496 1280 in
522 1225 638 1284 tetram
665 1216 813 1280 hostilem
840 1215 1050 1278 incursionem
1077 1215 1188 1278 faeere
1215 1215 1359 1297 solebat,

257 1345 301 1390 ex
326 1325 457 1409 captivo
487 1323 623 1410 gravida
649 1328 737 1389 lacta
763 1333 906 1405 tempore
932 1325 1131 1387 excursionis
1159 1331 1362 1407 cumgente

256 1433 419 1519 proficisci
440 1454 502 1498 non
521 1442 656 1518 poterat.
695 1435 785 1497 Dixit
805 1433 902 1517 igitur
929 1435 993 1497 ista
1018 1434 1126 1496 verba.
1162 1433 1363 1499 Almoladb-

258 1541 371 1605 dbelus
403 1551 510 1606 autem
547 1543 695 1606 seminam
731 1542 827 1605 istam
867 1561 886 1603 e
922 1548 1021 1624 gente
1057 1540 1157 1604 'l'lrai
1193 1540 1361 1603 oriundam

258 1648 422 1714 fatidicam
441 1649 545 1714 fuisse
564 1651 719 1734 narravit,
741 1669 823 1732 quae
844 1668 864 1712 e
885 1650 1029 1733 captivo,
1056 1668 1118 1731 quo
1139 1656 1250 1712 contra
1270 1666 1363 1730 gen·

259 1769 326 1823 tem
357 1757 445 1840 Ajad
479 1760 680 1824 ben-Nesar
712 1757 950 1824 ben-blaahdd
984 1757 1196 1825 incursionem
1232 1755 1364 1820 faciens

259 1865 361 1949 potita
380 1874 465 1948 erat,
491 1865 627 1950 gravida
647 1866 736 1932 facta
756 1875 835 1930 erat

545 1953 659 2156 ξιξ
620 2001 818 2193 ,zat
856 1999 1058 2173 :dgr
1048 2054 1073 2131 t.

266 2236 323 2304 10.
373 2228 463 2302 sine
487 2256 655 2322 carmen,
683 2239 899 2336 pernoctet!

345 2353 427 2422 Sino
453 2377 581 2424 carmen
588 2404 599 2441 ,
629 2358 731 2424 donec
752 2345 871 2441 aliquot
891 2358 961 2422 dies
981 2358 1188 2446 transierunt,
1216 2367 1250 2421 et
1268 2359 1362 2440 vide,

263 2463 422 2546 quomodo
456 2467 526 2530 eius
557 2466 629 2530 finis
660 2465 722 2550 sit,
761 2475 867 2529 utrum
898 2465 1043 2528 laudetur
1077 2484 1119 2528 an
1152 2467 1363 2548 vituperetur.

264 2569 335 2638 Sed
355 2573 447 2636 tribui
468 2593 596 2660 quoque
615 2581 724 2657 potest
744 2575 819 2638 voci
840 2586 916 2663 „pap
932 2575 1139 2658 significatio:
1158 2595 1220 2639 uno
1237 2575 1289 2638 die
1308 2576 1363 2638 in-

265 2697 415 2762 termisso
436 2698 529 2762 tertio
550 2699 643 2762 rediit
664 2698 727 2779 (de
745 2698 844 2779 febri)
866 2699 885 2760 i.
907 2719 935 2761 e.
964 2700 1040 2762 Nou
1061 2721 1159 2762 unum
1180 2710 1255 2783 post
1275 2702 1363 2764 alte-

202 2817 203 2824 ’
265 2823 336 2872 rum
356 2807 505 2872 continua
522 2808 607 2872 serie
629 2806 767 2870 carmina
788 2816 842 2870 tua
855 2807 1033 2870 hominibus
1054 2807 1117 2891 dic,
1135 2829 1177 2872 ne
1197 2807 1361 2872 fastidium
1386 2838 1390 2852 ι

266 2913 410 2996 capiant5
430 2913 489 2978 sed
510 2915 615 2998 spatio
636 2915 825 2978 intermisso.
867 2917 904 2978 ln
925 2917 1089 2980 Hamasao
1116 2936 1214 3000 opere
1240 2916 1291 2980 sic
1311 2919 1362 2980 le·

266 3022 351 3105 gitur
370 3032 448 3115 „psa
468 3023 561 3122 ,sall
586 3020 730 3178 opp„

271 3377 328 3442 11.
377 3368 511 3450 Lente!
539 3375 657 3446 currit
684 3375 720 3446 in
749 3390 848 3448 terra
873 3372 980 3448 dura.

352 3492 471 3558 Verbis
495 3494 586 3563 hisce
606 3499 725 3561 Kaisus
747 3497 798 3561 die
826 3502 1008 3564 certaminis
1035 3503 1116 3564 inter
1137 3520 1238 3585 equos
1252 3501 1366 3582 Dahes

271 3607 304 3664 et
324 3596 456 3666 (ihabra
475 3605 639 3687 respondit
657 3605 855 3670 Hodsailaho
878 3608 1008 3675 dicenti:
1038 3616 1071 3672 te
1092 3611 1174 3692 vici,
1198 3627 1216 3671 ο
1245 3603 1365 3672 Kaisa!

155 3707 156 3710 ’
270 3709 518 3799 significaturus,
540 3731 633 3777 suum
656 3731 772 3796 equum
801 3716 864 3779 iam
883 3717 1042 3780 victurum
1069 3736 1154 3803 esse,
1177 3719 1206 3780 si
1233 3717 1275 3781 ad
1295 3725 1366 3780 ter-

215 3879 236 3920 .'
269 3836 339 3880 ram
358 3820 488 3883 mollem
509 3821 582 3906 equi
601 3823 839 3905 pervenissent3
862 3844 964 3906 equae
995 3826 1078 3888 enun
1106 3826 1138 3887 in
1169 3834 1256 3889 terra
1280 3826 1367 3888 molli

271 3924 452 4006 fatigantur.
494 3927 695 3993 Hodsaifaho
724 3938 791 3992 erat
819 3949 901 4012 equa
929 3929 1060 3996 Ghabra
1082 3932 1253 4016 appellata.
1294 3934 1367 3995 Le-

271 4030 359 4112 gitur
392 4042 499 4097 autem
523 4033 617 4098 huius
652 4037 834 4100 certaminis
860 4039 1000 4102 narratio
1027 4041 1068 4103 ad
1098 4040 1138 4103 C.
1163 4041 1246 4103 XXI
1249 4085 1262 4126 ,
1294 4040 1368 4105 102.

206 4233 210 4240 ι
272 4139 383 4201 Altera
404 4142 563 4221 proverbii
582 4143 680 4206 lectio
701 4152 768 4206 est:
787 4131 868 4246 ,ab
892 4164 1031 4246 ΟΜ,
1064 4148 1264 4212 Vocabulum
1287 4135 1367 4250 ,lxii

275 4273 411 4330 aternam
438 4269 583 4333 mollem«
613 4271 784 4356 signifieat
835 4271 930 4351 Quod
958 4276 987 4337 si
1014 4275 1181 4340 lectionem
1208 4291 1368 4376 0³⁸⁸&-
