3026 4942
535 349 845 411 ·--125-

189 536 273 607 376.
323 533 384 606 Tu
409 537 438 606 si
464 536 637 606 iniuriam
663 534 916 634 propinquam
947 529 1106 627 (levem)
1131 531 1277 608 fecisses

320 656 439 746 (hanc
467 658 534 732 tihi
560 654 887 757 condonaremus).

271 809 327 872 Sic
348 809 491 871 scholion
510 809 621 871 hahet:
645 811 683 872 Si
703 810 908 891 propinquam
929 810 990 870 ine.
1011 810 1117 871 levem
1137 810 1277 872 iniuriam

188 917 276 978 nobis
296 916 469 997 intulisses,
486 934 555 976 eam
570 915 625 976 tibi
639 914 908 996 condonaremus3
930 915 990 977 sed
1003 917 1172 978 maximam
1188 917 1278 978 nobis

72 1013 75 1017 ’
188 1017 329 1079 iniuriam
349 1015 486 1078 intadisti.
520 1017 580 1078 Est
602 1024 657 1078 aut
676 1033 793 1076 versus
815 1023 870 1076 aut
889 1014 1122 1077 hemistichium
1143 1014 1184 1078 ad
1206 1037 1277 1078 me·
1348 1105 1352 1116 Ι

189 1137 268 1189 trum
290 1125 450 1207 Redjcs
471 1125 681 1188 referendum.
702 1125 786 1186 conf.
806 1126 825 1185 l.
848 1142 876 1184 c.
898 1145 928 1205 p.
950 1122 1015 1186 230
1029 1143 1077 1206 sq.

472 1295 582 1328 oaeoeeae
617 1306 659 1326 n
680 1304 698 1323 ν
831 1290 873 1325 o>
929 1293 945 1324 0

188 1559 270 1624 377.
322 1552 361 1624 Si
385 1549 553 1650 mulgens
580 1577 630 1640 es,
657 1575 796 1652 quaere
822 1545 999 1620 camelam
1024 1544 1121 1620 lacte
1153 1553 1277 1621 abun-

320 1671 480 1748 dantem.
1160 1679 1163 1690 '

269 1835 363 1917 Rem,
386 1853 468 1916 quae
490 1833 658 1896 conditioni
679 1843 753 1896 tuae
775 1835 956 1915 conveniat,
979 1851 1126 1914 quaeras.
1167 1834 1207 1894 Ei
1228 1833 1277 1894 di-

185 1946 276 2027 eitur,
300 1944 350 2004 cui
370 1945 460 2004 locus
482 1943 527 2003 rei
547 1943 608 2023 ipsi
630 1941 833 2002 necessariae
853 1940 1015 2002 indicatur.

351 2084 391 2128 οῦ
405 2098 429 2125 ιο
545 2083 612 2127 tofi
659 2104 707 2125 aa
838 2081 911 2126 ,υὲ
946 2097 961 2127 o

327 2266 346 2286 ,
420 2265 438 2285 .
726 2265 744 2284 2
974 2263 995 2303 ὃ

188 2334 269 2403 378.
322 2327 397 2416 Qui
444 2324 604 2401 camelos
652 2354 739 2400 suos
782 2328 820 2398 in
870 2325 956 2400 loco
1004 2343 1147 2400 secreto
1193 2352 1278 2400 cum

327 2449 405 2524 aliis
430 2453 570 2540 miscet,
599 2468 639 2523 ut
666 2450 826 2525 decimas
852 2478 927 2525 non
955 2448 1027 2540 det,
1062 2468 1179 2524 noctu
1206 2449 1279 2524 lus·

325 2576 415 2647 ciosi
441 2573 553 2648 modo
582 2579 667 2674 agit.

265 2727 315 2816 is,
338 2726 389 2806 qui
413 2728 553 2787 camelos
574 2745 651 2789 suos
673 2744 744 2790 eum
766 2730 896 2791 aliorum
918 2728 1048 2789 camelis
1076 2727 1206 2807 miscet,
1245 2733 1295 2786 ut·

188 2831 328 2894 decimas
362 2836 432 2897 Deo
468 2854 531 2895 non
567 2834 631 2920 det,
655 2835 833 2917 obstupefit.
875 2836 1081 2898 Proverhium
1114 2842 1220 2895 autem
1247 2836 1279 2894 in
1343 2840 1347 2846 '

188 2950 382 3024 suspectum,
406 2941 607 3024 deceptorem
621 2943 794 3006 adhibetur.
816 2942 1163 3006 VerbaMohammedis
1178 2940 1277 3003 tradi-

189 3048 273 3108 tione
294 3047 334 3110 ad
355 3067 414 3128 nos
436 3048 541 3114 delata
562 3063 638 3128 sunt
662 3054 746 3154 hij,
771 3053 807 3141 7,
834 3053 954 3123 ab
979 3048 999 3114 t
1044 3052 1116 3113 oNe
1139 3051 1277 3112 camelos

188 3178 259 3232 tuos
281 3171 419 3234 misceas
448 3190 521 3235 eum
549 3177 617 3240 aliis
647 3185 679 3237 et
706 3178 736 3239 in
771 3178 840 3238 loco
870 3172 1023 3255 profundo
1059 3164 1276 3236 abscondasa!

185 3277 331 3360 Legendi
352 3279 478 3340 modum
502 3279 622 3343 codicis
649 3284 711 3344 mei
740 3291 773 3343 et
793 3281 939 3364 Lugdun.
954 3287 1083 3342 secutus
1098 3298 1177 3341 sum.
1206 3279 1275 3342 Co-

186 3386 250 3448 dex
269 3388 306 3448 B.
328 3394 361 3448 et
381 3387 419 3447 Ρ.
440 3384 558 3447 habent
577 3372 676 3458 „ethii
702 3391 768 3458 sst.
794 3388 876 3467 „Qui
902 3388 1017 3450 miscet
1037 3387 1178 3450 camelos
1199 3405 1277 3450 suos

187 3527 258 3572 oum
280 3511 364 3592 aliis,
386 3517 484 3572 noctu
506 3526 625 3571 caecus
646 3520 725 3573 esta

397 3641 592 3860 k<cti
629 3643 669 3795 o
710 3661 839 3862 aei
869 3663 923 3884 [533
994 3727 1061 3806 aa

136 3919 139 3928 ¹
186 3931 271 4002 379.
326 3926 420 3997 Ante
445 3952 505 3999 me
531 3943 586 4001 est
609 3953 679 4016 res,
706 3935 768 4001 cui
792 3931 911 4032 impar
937 3953 1030 4007 sum.

270 4075 373 4154 Quum
400 4096 452 4140 res
478 4082 590 4162 gravis
627 4088 848 4165 exspectatur,
891 4081 1091 4162 proverhimu
1119 4081 1276 4145 adhihent.

185 4183 297 4246 Verba
318 4193 423 4248 autem
444 4187 472 4248 is
493 4186 579 4271 dicit,
602 4188 653 4270 qui
675 4188 714 4249 ob
735 4189 862 4252 nimiam
882 4189 1057 4252 cautionem
1070 4189 1275 4272 vituperatur.
1379 4226 1383 4235 ·

188 4288 529 4356 Soharaf-Aldin.
