2996 4928
577 297 967 404 “rm-⁸1,

146 503 287 590 hithsus,
309 505 484 569 llelhasum
504 493 654 568 habuisse
674 505 791 589 lilium,
816 507 911 584 Sahir
933 508 984 568 cui
1004 523 1117 568 nomen
1138 512 1237 566 osset.

145 612 199 675 Ad
221 632 313 694 quem
336 632 430 695 quum
458 613 690 696 expeditionem
717 615 875 676 bellicam*
890 615 1069 695 suscepturi
1090 610 1240 675 transiis-
1282 665 1285 677 ,

147 729 236 805 sent,
258 740 332 782 eum
352 721 501 803 petiisse,
524 728 559 782 ut
583 721 642 782 sibi
661 720 800 803 praedae
822 722 998 802 portionem
1020 721 1238 803 adsignarent,

147 837 181 891 et
202 848 296 911 quum
316 829 358 890 illi
380 847 416 890 se
444 828 585 890 facturos
611 847 688 890 esse
715 830 847 910 polliciti
876 837 1005 912 essent„
1036 837 1068 890 et
1092 828 1185 890 uxori
1207 837 1240 890 et

147 937 270 999 camelo
291 935 429 1016 praedae
456 937 630 1019 portionem
660 956 731 998 oum
752 937 894 1018 petiisse.
936 936 1037 1001 Uxori
1059 956 1097 997 se
1118 936 1240 1016 portio-

147 1063 220 1105 nem
242 1043 370 1106 daturos
397 1043 495 1127 esse,
517 1045 588 1107 illos
615 1045 819 1126 promisisse,
849 1043 1032 1126 denegasse
1054 1049 1160 1103 autem
1182 1060 1241 1103 ca-

147 1150 239 1213 melo.
283 1151 357 1230 Qua
379 1151 418 1212 de
440 1170 539 1214 causa
566 1152 679 1212 iratum
707 1171 779 1213 eum
807 1150 949 1234 dixisse,
977 1151 1036 1210 sub
1064 1150 1162 1210 tutela
1182 1167 1242 1210 sua

148 1276 259 1320 omnes
279 1277 331 1320 res
353 1277 447 1341 esse,
476 1277 573 1339 super
599 1274 679 1340 quas
707 1258 757 1319 sol
785 1257 937 1336 oriretur,
969 1265 1001 1316 et
1026 1257 1117 1330 hanc,
1135 1257 1241 1317 fuisse

148 1385 296 1450 causam,
326 1385 381 1428 cur
408 1367 471 1428 isto
499 1386 580 1428 anno
603 1365 642 1427 ab
672 1363 872 1446 expeditione
898 1363 1103 1426 destitissent.
1145 1365 1253 1444 Abu-y

149 1473 311 1536 0hbaidus
339 1493 418 1536 vero
447 1471 543 1556 dixit,
578 1473 752 1535 Felhasum
783 1479 935 1550 tempore,
966 1489 1027 1552 quo
1061 1470 1111 1532 alii
1137 1471 1241 1533 cibum

148 1603 275 1646 sumere
296 1584 456 1665 solerent,
481 1581 520 1644 ad
543 1581 687 1643 homines
710 1580 912 1663 accessisse,
943 1586 978 1639 ut
997 1577 1058 1639 cibi
1080 1580 1241 1660 particeps

148 1693 248 1756 fieret.
289 1693 341 1755 Ab
369 1693 437 1754 eius
464 1691 589 1754 nomine
617 1690 751 1752 verbum
779 1692 922 1779 &⁴20³
951 1685 1129 1750 derivatum
1156 1675 1241 1768 esse,

149 1813 412 1898 quemadmodum
440 1814 530 1901 pal„
557 1813 660 1876 ahaud
680 1814 834 1875 invitatus
855 1813 896 1875 ad
910 1814 1012 1876 cibum
1026 1813 1133 1875 venito
1154 1811 1245 1875 dice·-

149 1949 243 2004 retur.
275 1941 368 2004 Conl.
388 1942 486 2024 XVI,
507 1941 557 2002 72.
587 1940 679 2004 Conf.
702 1939 948 2005 Saurachschar.
977 1940 1243 2006 Scharaf-Aldin.

509 2077 575 2109 mo
621 2078 636 2110 o
701 2063 794 2110 >Ξοε

492 2130 667 2268 &30⁴
703 2107 790 2210 dllm
864 2129 912 2208 tv

154 2316 234 2384 107.
285 2311 400 2408 Magis
427 2326 568 2409 petens,
597 2336 710 2410 quarn
737 2310 811 2380 Kar
816 2306 954 2383 tsahus.

233 2446 292 2508 Vir
319 2446 382 2506 iste
416 2453 558 2528 c·gente
584 2445 769 2506 Banu-Ans
799 2443 1064 2506 ben-'l'sohlebalr
1094 2441 1245 2505 oriundus¹

151 2562 292 2635 tempore
312 2552 523 2632 Moahwijjae
544 2553 634 2614 vixit.
675 2550 765 2612 Dixit
783 2551 919 2614 Ahscha
940 2550 1168 2634 Tlraghlebita:

225 2673 302 2802 rga
326 2676 467 2800 ,tagl
491 2678 598 2820 ,frit
629 2694 718 2774 aaz
742 2693 796 2796 ‘a
822 2669 937 2820 [gt
957 2682 1102 2811 gratio
1129 2690 1170 2832 ap

153 2886 435 2969 „Quotiescunque
459 2885 677 2948 Alkartsahus
706 2884 820 2948 Ausita
856 2882 939 2948 dona
963 2881 1123 2945 hominum
1152 2898 1246 2968 pror-

195 3013 251 3057 sus
274 2994 409 3079 accipit,
430 2985 529 3057 multa
547 2995 588 3056 ab
610 2994 648 3055 iis
668 2994 778 3076 petito

234 3103 374 3166 Metram
395 3121 511 3165 vorsus
531 3100 640 3165 Wallr
662 3108 721 3163 est
745 3097 839 3162 Conl.
861 3101 881 3162 l
902 3117 943 3158 m
964 3116 994 3177 p.
1015 3093 1087 3160 204

485 3247 504 3268 r
540 3233 592 3266 a>
649 3235 665 3267 0
745 3232 800 3267 ὃν

447 3268 603 3374 salas
641 3323 695 3423 “J
715 3267 846 3412 {jol
918 3285 967 3364 ta

159 3477 240 3546 108.
292 3467 467 3558 celerior,
496 3495 609 3570 quam
634 3463 890 3567 Hodadjalrus

238 3606 297 3668 Vir
322 3606 384 3667 iste
413 3604 454 3667 ad
487 3612 616 3688 gentem
643 3599 861 3664 Banu-Ahbs
889 3599 1051 3682 pertinens
1082 3595 1245 3659 celeritate

155 3731 267 3776 omncs
289 3713 468 3795 superabat.
512 3711 603 3777 Gens
623 3709 826 3773 Banu-Ahbs
849 3726 944 3788 quum
965 3707 1143 3768 Ahmruum
1163 3702 1246 3763 ben·

157 3820 269 3893 Ohdos
301 3818 512 3901 occidissent,
541 3821 644 3881 virum
670 3818 755 3879 illum
775 3812 823 3898 [ad
844 3814 1030 3876 Alrahbium
1059 3805 1246 3888 ben-Sijad

157 3937 190 3991 et
209 3929 412 3990 Merwanum
432 3924 636 3988 ben-Sinbah
657 3925 820 4005 miserunt,
838 3928 872 3982 ut
894 3939 951 3980 eos
974 3918 1015 3979 de
1034 3937 1068 3978 re
1090 3914 1244 3977 certiores

141 4034 281 4097 'laceret
310 4042 342 4096 et
368 4039 527 4115 moneret,
556 4033 740 4114 priusquam
768 4028 808 4090 ad
834 4035 964 4109 gentem
986 4023 1110 4084 'lomim
1136 4021 1246 4084 caedis

158 4142 287 4206 nuntius
306 4140 518 4226 pervenisset.
562 4137 645 4217 Quia
665 4155 789 4200 summa
813 4153 885 4196 cum
907 4132 1071 4194 celeritate
1089 4129 1150 4194 itor
1170 4127 1247 4192 illud

161 4254 361 4332 absolverat,
383 4250 453 4314 eius
472 4247 621 4312 celeritas
642 4248 673 4312 iu
691 4244 895 4328 proverbium
916 4239 1025 4305 cessit.
