2982 4934
685 338 728 352 ...
768 307 831 372 394
872 340 914 354 .-

192 517 200 526 ·
253 497 376 556 urinam
396 503 533 556 narrant.
576 495 659 557 Sunt
679 510 815 576 quoque,
836 493 889 573 qui
914 491 1019 573 lupam
1040 493 1168 553 nomine
1188 489 1353 571 Djahisah

253 602 402 684 appellari
423 600 638 682 contendunt,
660 619 742 681 quae
764 607 854 664 tanta
874 597 1059 680 stupiditate
1081 599 1143 680 ait,
1164 611 1208 660 ut
1228 599 1352 679 pullum

254 730 348 776 auum
368 710 537 791 negligens
550 709 705 790 ,hyaenae
730 709 847 788 pullum
868 708 954 768 lacte
975 706 1100 768 nutriat.
1141 706 1351 770 Mohamme÷

254 819 313 882 des
333 816 521 880 ben-Habib
542 815 700 876 vocabulo
721 831 768 898 a„
797 803 811 897 ,⁸
838 833 963 894 ursam,
985 812 1064 874 alius
1085 833 1164 875 vero
1187 815 1252 875 ursi
1271 815 1351 894 pul-

254 947 316 1007 lum
337 962 474 1023 marem,
498 941 660 1024 designari
679 938 850 1004 contendit.

259 1317 338 1386 158.
390 1281 665 1396 Pndibundior,
692 1301 806 1409 quani
832 1305 967 1409 puella3
994 1281 1108 1410 quani
1134 1273 1184 1381 «11
1206 1279 1352 1383 nouum

389 1438 563 1507 moritum
589 1432 752 1506 deducta
779 1431 914 1536 puelia.

318 1563 483 1625 'l'ubalrum
505 1561 776 1643 ben-Alnrohajjir
794 1561 962 1643 deplorans
981 1560 1060 1624 dixit
1075 1562 1352 1625 hailaAlach-

251 1662 441 1752 janjjan:
1083 1655 1087 1666 '
1304 1653 1306 1664 '

244 1781 1352 1942 aboriaeiirississzsstssaaifkiissa

256 1995 429 2076 „luvenia,
456 1996 508 2074 qui
528 1995 732 2075 pudibundior
759 2004 826 2057 erat
855 2015 947 2078 quarn
976 1997 1080 2077 puelia
1110 1994 1292 2077 pudibunda
1320 2007 1353 2057 et

297 2101 448 2163 audacior
470 2120 564 2183 quarn
586 2103 635 2164 ieo
657 2104 688 2163 in
709 2099 779 2164 loco
802 2103 939 2166 Chaffan
961 2097 1120 2186 degensf‘

338 2211 480 2272 Metrum
505 2229 620 2273 versus
642 2212 804 2274 'l'hawil
831 2212 1020 2292 appellatum
1051 2220 1109 2274 est.
1153 2210 1246 2274 Coni.
1268 2213 1288 2274 1.
1310 2230 1351 2272 m.

257 2340 288 2401 p.
313 2319 381 2382 161.

601 2443 616 2464 u
658 2445 673 2461 r
725 2435 741 2464 o
862 2417 930 2461 tufi

260 2667 342 2740 159.
392 2665 616 2763 Longiorern
644 2668 757 2737 vitam
783 2661 945 2752 habeus„
964 2689 1077 2764 (stram
1104 2663 1255 2739 incerta.

340 2791 479 2853 Narrant
508 2792 600 2853 huiuu
634 2793 792 2873 proverbii
829 2790 1009 2872 explicandi
1042 2794 1165 2875 gratia,
1201 2793 1352 2856 lacertam

257 2895 371 2974 quovis
399 2898 574 2959 centesimo
604 2917 686 2961 anno
714 2906 857 2979 torquem
884 2900 988 2968 albuni
1017 2901 1164 2981 accipere
1187 2909 1219 2961 et
1245 2901 1353 2982 plures

258 3018 356 3082 saepe
383 3012 513 3083 torques
542 3005 675 3086 habere,
709 3015 880 3068 mactatam
909 3017 1015 3068 autern
1044 3016 1077 3068 et
1105 3018 1216 3069 venne
1246 3009 1353 3069 statim

259 3116 417 3169 evacuato
453 3118 527 3189 post
563 3109 625 3171 diei
653 3113 789 3190 spatium
818 3113 849 3172 in
882 3113 942 3173 olla
978 3125 1103 3176 coctam
1139 3133 1177 3208 se
1211 3134 1352 3204 movere.

259 3214 521 3278 Scharas-Aldin.
551 3217 633 3279 coni.
662 3217 814 3280 Bochart.
842 3209 978 3280 Hieron.¹
998 3221 1035 3282 P.
1067 3223 1091 3281 1.
1120 3221 1157 3283 L.
1185 3223 1244 3286 lv.
1270 3219 1307 3284 C.
1329 3223 1353 3282 1.

259 3342 289 3403 p.
313 3321 404 3384 1048.
1111 3343 1113 3350 ’
1205 3367 1225 3378 .‚

312 3457 314 3465 ’
383 3421 474 3586 rr
506 3435 657 3591 ut
694 3432 877 3604 otor
899 3445 956 3594 ε.
989 3425 1117 3617 oar
1187 3445 1217 3568 r

262 3665 345 3738 160.
387 3665 592 3767 stupidior,
620 3628 798 3767 quarn-in
825 3656 1101 3756 matrimonium
1128 3669 1241 3742 ducto
1269 3698 1353 3744 cum

386 3788 475 3864 dote
501 3817 545 3862 en
573 3792 708 3894 opibus
736 3796 851 3894 lintris
878 3798 945 3868 sui·
1066 3855 1069 3860 .

342 3917 599 3994 Abu-Ohbaidua
622 3921 778 4004 narravit,
802 3923 960 4002 proverbii
981 3922 1135 4003 originem
1156 3941 1247 4004 esse,
1271 3921 1353 4002 quod

260 4022 314 4094 vir.
331 4024 458 4102 quidam
477 4028 567 4088 alteri
588 4047 666 4108 opos
688 4028 770 4092 dono
800 4029 951 4094 dedisset.
994 4031 1139 4092 Donatus
1169 4049 1265 4112 quum
1292 4029 1353 4092 do·

260 4131 364 4192 nantia
386 4132 480 4196 tiliam
503 4135 539 4196 in,
556 4138 786 4202 matrimonium
808 4135 966 4221 duxisset,
990 4147 1021 4200 ot
1043 4139 1133 4200 uxori
1155 4139 1234 4202 istas
1256 4156 1354 4220 apa-

261 4245 310 4300 tre
331 4250 483 4321 acceptas
505 4260 583 4323 opas
604 4244 669 4308 doti
682 4243 835 4329 dedisset,
852 4246 882 4306 ei
894 4243 1002 4307 dotem
1023 4246 1118 4308 istam
1139 4245 1353 4328 exprobravit.
