2970 4946
569 322 903 386 „⁶73..·

257 532 1004 726 mopsuest
1075 591 1127 668 ι

135 771 194 838 73.
244 765 405 839 Satiatus
440 768 687 840 esurientibus
722 783 944 840 cunctanter
975 764 1098 840 frusta
1125 795 1229 842 com-

244 869 390 940 minuit.

216 993 267 1054 De
288 1013 328 1056 eo
354 992 484 1078 dieitur,
519 995 573 1076 qui
599 994 644 1056 rei
670 1001 745 1057 tuae
774 997 881 1058 curent
902 1013 965 1057 non
986 993 1083 1058 hebet
1104 1001 1137 1057 et
1156 1002 1228 1058 ste-

132 1111 198 1164 tum
222 1108 311 1163 tuum
332 1121 396 1165 non
417 1111 570 1183 expertus
592 1113 650 1164 est.

353 1227 421 1272 060
488 1228 537 1270 ὦ)
581 1239 698 1271 One
739 1221 789 1269 sb
835 1238 852 1271 0

345 1287 895 1431 &stupris-ww
966 1279 1018 1370 vt'

134 1471 192 1544 74.
218 1469 290 1543 Res
307 1468 581 1546 Schikschikah
596 1467 783 1571 appellata
806 1471 951 1569 mugiit,
973 1486 1052 1543 tum
1075 1471 1228 1572 quievit.

214 1604 381 1668 Vocabulo
402 1613 516 1676 &tw
543 1623 597 1668 res
617 1605 755 1687 pulmoni
779 1605 888 1668 similis
911 1604 1116 1690 designetur,
1146 1625 1229 1689 quse

132 1723 175 1765 ex
211 1722 266 1766 oro
304 1707 415 1767 cameli
456 1705 632 1789 dependet,
680 1725 775 1788 quum
811 1705 939 1769 libidine
974 1725 1133 1770 accensus
1170 1715 1229 1770 est.

133 1811 268 1892 Quando
298 1823 405 1877 autem
433 1822 539 1876 orator
566 1824 709 1882 uuam
727 1817 771 1903 ,ὁ
801 1815 1056 1898 cognominatur,
1087 1815 1150 1878 hoo
1179 1813 1227 1898 iit,

133 1916 206 1996 quia
233 1932 307 1977 cum
341 1915 528 1979 admissario
558 1922 766 1996 comparatur.
817 1915 1023 1997 Imperatoris
1051 1914 1137 1978 Antii
1165 1932 1228 1977 uns

133 2022 232 2086 oratio
253 2040 431 2106 cognomen
452 2030 583 2090 »m
603 2022 737 2103 accepit
781 2020 897 2086 Conse
916 2022 990 2086 talis
1011 2031 1093 2086 erat:
1123 2021 1229 2101 Quum

131 2148 248 2211 Ahlius
278 2148 410 2212 orationi
438 2148 534 2212 finem
567 2148 793 2234 imposuisset,
810 2148 1104 2214 ‘Ebu-Ambason
1132 2146 1228 2212 dixit:

132 2274 152 2318 o
172 2256 321 2337 princeps
342 2247 496 2320 fidelium!
516 2257 581 2318 osi
600 2257 775 2320 orationem
794 2265 881 2319 tuem
901 2257 933 2318 in
955 2275 1111 2340 campum,
1133 2273 1229 2336 quem

133 2366 301 2448 ingressus
320 2383 405 2448 ems,
426 2366 553 2448 longius
575 2357 802 2446 produxisses!
826 2365 940 2428 Ahlius
961 2373 1069 2427 sutem
1089 2382 1227 2444 respon-

132 2472 193 2536 dit:
213 2472 320 2553 Absit,
343 2493 361 2534 ο
382 2471 640 2554 Ebu-Ahbbsse,
663 2481 746 2572 cors
772 2477 844 2556 Α
860 2483 981 2572 ῳ)
1006 2478 1130 2538 w
1155 2470 1227 2539 ussi·

134 2598 203 2658 olda
234 2596 293 2659 fnit
326 2616 379 2659 res
412 2604 529 2664 stim
550 2595 729 2679 appellato,
755 2613 836 2676 quse
856 2595 970 2677 mugiit
990 2603 1056 2657 tum
1078 2593 1226 2676 quievit«

133 2720 297 2785 Proverbii
312 2738 427 2782 sensus
442 2738 517 2784 esse
530 2720 674 2786 videtur:
694 2720 815 2786 Modus
827 2722 859 2783 in
878 2722 975 2784 rebus
993 2718 1149 2786 tenendus
1166 2726 1226 2783 est

281 2858 444 3050 cto
479 2846 631 3034 μζ..
661 2868 697 2985 t
732 2835 986 3052 egit}
1057 2928 1102 2987 ι.

133 3095 192 3168 75.
242 3090 402 3165 Pessima
436 3117 594 3164 mamma
619 3107 695 3181 est,
734 3117 833 3193 quse
864 3089 923 3164 lac
952 3086 1057 3188 large
1081 3087 1230 3176 emittit,

248 3215 354 3318 quod
378 3215 535 3316 ligatum
560 3233 615 3290 est
640 3215 773 3291 femur.

216 3341 274 3406 Sic
297 3342 424 3427 dicunt,
447 3341 529 3426 quod
551 3345 705 3428 camelae,
728 3361 811 3424 quse
832 3362 895 3404 non
919 3342 1009 3426 lorge
1030 3339 1082 3402 luc
1102 3338 1224 3422 emittit,

132 3449 257 3511 lumbus
270 3449 400 3513 vinculo
421 3452 550 3534 ligatur,
572 3451 698 3533 utplus
719 3450 811 3513 luetis
833 3449 964 3514 emittat.
994 3471 1004 3492 ¹

133 3819 191 3894 76.
242 3817 424 3892 Pessimus
456 3817 649 3893 hominum
674 3821 703 3893 is
736 3837 811 3909 est,
847 3823 953 3895 cuius
983 3843 1095 3918 super
1128 3839 1226 3912 genu

248 3917 361 4022 arleps
386 3935 453 3992 est.

215 4048 266 4108 De
293 4047 418 4111 homine
448 4048 529 4132 levi,
567 4069 665 4131 prono
700 4047 740 4112 ad
774 4048 922 4114 immet
955 4041 1075 4126 perfido
1102 4041 1222 4105 dicitur.

132 4153 259 4218 Arabos
285 4155 409 4238 adipem
436 4155 475 4217 ob
503 4155 607 4218 elbmn
635 4157 705 4219 eius
733 4157 870 4220 colorem
898 4153 999 4217 solem
1019 4150 1223 4234 oppetierunt

134 4260 193 4326 sio
215 4279 330 4327 vorsus
352 4279 490 4345 sequens
512 4264 701 4344 explicatur:
