3014 4936
149 539 228 584 nese
252 520 340 584 iacta
367 541 486 604 panim.
528 522 660 604 Pastor,
690 522 768 606 quid
792 533 901 608 esset,
929 519 1144 610 interrogatur
1166 545 1246 610 pre-

147 629 247 692 verhii
275 629 383 692 verbis
409 629 585 710 respondit.
634 631 770 713 Legitur
804 650 929 715 quoque
962 634 1011 696 sic
1043 635 1247 716 proverbium

146 737 269 838 &qil
294 763 347 837 pf
371 739 456 839 bsept
482 742 545 819 δᾳ
572 736 664 800 „Vas
685 737 778 800 nimis
799 758 950 828 magnum
972 747 1023 803 est
1042 761 1100 823 pro
1122 742 1246 804 camela

147 864 292 948 iuvenca,
316 881 397 944 quac
419 870 493 924 ante
515 869 640 944 tempus
660 865 836 946 concepit«
859 866 944 929 conl.
964 883 1056 948 prov.
1071 864 1129 930 ³9.
1170 865 1244 930 Ad-

147 971 270 1033 hibetur
291 978 397 1032 autem
419 966 525 1051 dere,
548 988 642 1051 quam
664 971 733 1053 quia
753 973 851 1055 longe
871 981 1026 1036 remotam
1047 981 1147 1056 putat.
1277 966 1279 974 '

327 1104 1099 1298 §whfflffit

147 1340 181 1410 0.
231 1337 379 1410 Miscuit
404 1316 624 1437 Djuwainus
650 1334 742 1411 elius
768 1339 952 1441 ptisanam
976 1341 1135 1414 sumens.
1178 1427 1181 1432 ,

229 1489 342 1552 Virum
364 1489 394 1550 in
415 1489 548 1552 aliorum
570 1489 683 1578 opillus
705 1490 875 1574 erogandis
896 1465 1058 1556 liberalem
1081 1511 1167 1578 esse,
1190 1497 1241 1556 si-

145 1595 285 1678 gnificat
328 1596 395 1660 Sed
417 1596 723 1681 Semachscharius‚
750 1600 953 1680 proverbium
981 1598 1022 1662 de
1043 1601 1112 1662 viru
1130 1598 1242 1690 ¹turrido,

146 1701 277 1765 multum
298 1709 428 1784 petente
450 1701 608 1786 adhiberi,
631 1703 719 1766 dixit.

370 1826 936 2029 suspersam»
1001 1923 1030 1970 ,v

146 2075 179 2142 7.
234 2068 394 2172 dirrupit
419 2067 458 2142 id
485 2069 788 2168 (iuramentum),
824 2069 1141 2173 quemadmodum
1166 2076 1243 2150 esi-

230 2220 301 2267 nus
327 2192 484 2266 herbam
511 2191 661 2296 Zilijjan
686 2196 890 2298 abrumpit.

177 2343 181 2350 ’
228 2346 390 2428 Suffixum
418 2347 452 2414 he
477 2347 519 2410 ad
540 2367 656 2411 vocem
680 2361 781 2447 ωΜ
807 2341 1076 2410 iuramentum
1097 2351 1243 2446 releren-

146 2469 220 2532 dum
243 2477 302 2531 cst.
337 2469 479 2531 Herbam
501 2469 594 2531 istam
617 2469 729 2532 asinus
750 2470 880 2551 saepius
903 2488 976 2533 cum
997 2471 1104 2532 radice
1125 2475 1243 2536 evellit.

145 2579 197 2640 De
218 2596 257 2638 eo
278 2577 373 2658 igitur
395 2574 577 2660 adhibetur,
599 2577 652 2657 qui
674 2576 745 2638 sine
766 2577 968 2640 cunctatione
990 2577 1137 2642 celeriter
1157 2581 1245 2642 iura·

146 2693 287 2747 mentum
307 2690 461 2766 praestat.
484 2685 566 2745 conl.
589 2683 668 2764 Cap.
690 2685 750 2766 111,
775 2684 845 2746 102.

521 2827 645 3010 dm
688 2828 781 2992 ‘hg
851 2901 876 2949 x

146 3057 181 3126 8.
214 3053 423 3124 Sinimmuri
448 3052 760 3150 remuneratione,
786 3053 861 3151 (me
886 3071 1146 3128 remuneratus
1165 3052 1247 3152 cst).

228 3199 446 3266 Accusativus
468 3221 540 3264 cum
562 3202 681 3265 omisso
702 3203 801 3265 verbu
823 3205 932 3310 ⁶³⁸5>
963 3226 1034 3268 ame
1055 3223 1244 3267 remunera-

146 3335 198 3390 tus
228 3336 298 3390 este
332 3327 492 3391 cohaeret.
541 3327 751 3392 Sinimmarus
784 3327 948 3390 architecti
978 3325 1096 3390 Gracci
1129 3345 1245 3389 nomeu

147 3444 228 3519 crat,
251 3435 305 3517 qui
325 3437 414 3498 iussu
426 3434 617 3498 Ahrohmani
638 3454 746 3498 arcem
763 3436 1021 3499 Chawarnakum
1043 3435 1246 3506 exstruxisse

147 3540 269 3605 dicitur.
313 3542 418 3626 Opere
446 3545 609 3627 perlecto,
637 3564 679 3606 ne
707 3546 758 3607 alii
786 3546 920 3608 similem
948 3562 1055 3608 arcem
1079 3542 1244 3624 conderet,

147 3651 364 3714 Alnohmauus
393 3651 433 3712 de
461 3669 585 3714 summa
610 3670 686 3714 arce
709 3672 780 3715 eum
802 3653 926 3716 deiecit
968 3653 1134 3716 Beneficia
1154 3651 1246 3714 malis

148 3768 380 3822 remuneratum
414 3747 488 3822 csse
520 3757 697 3846 quendam,
733 3761 934 3842 proverbium
972 3760 1142 3844 significat.
1185 3756 1249 3819 Alii

148 3859 254 3929 autem
275 3867 377 3928 virum
393 3864 475 3928 hunc
483 3884 591 3929 arcem
599 3864 765 3931 Ohaihaho
787 3867 1021 3948 hen-Aldjolah
1043 3864 1246 3927 exstruxisse

147 3975 284 4038 narrant.
328 3975 391 4036 llic
412 3993 506 4056 quum
533 3974 573 4036 ab
597 3972 764 4036 Ohailraho
793 3973 1009 4057 iuterrogatus
1037 3979 1144 4057 esset,
1171 3989 1245 4031 num

147 4098 255 4145 arcem
276 4079 487 4144 firmissimam
509 4079 660 4162 fecisset,
683 4080 775 4164 dixit,
803 4098 843 4143 se
863 4079 1000 4162 lapidem
1021 4078 1052 4141 iu
1074 4098 1114 4142 ea
1133 4095 1247 4159 nosee,

148 4206 213 4273 qua
249 4187 393 4252 detracta
410 4177 413 4184 ’
428 4197 496 4253 teta
530 4209 590 4254 arx
624 4197 790 4253 corrutura
826 4195 925 4250 esset.
976 4184 1080 4267 Quem
1108 4185 1244 4268 lapidem

149 4313 244 4379 quum
268 4295 432 4360 Ohailraho
461 4295 653 4379 indicasset,
683 4297 723 4360 ah
750 4317 790 4359 eo
809 4313 839 4358 a
855 4308 984 4358 ‘summa
1004 4313 1080 4358 arce
1102 4294 1244 4356 deiectus
1311 4333 1315 4340 -
