3014 4936
677 297 904 360 ..2ηὠ

250 502 290 544 nr.
311 503 341 564 p.
361 479 432 544 246.
475 481 512 540 ln
534 497 605 542 eum
627 459 803 559 adhibetur,
826 478 917 538 cuius
937 478 1070 537 virtutes
1092 484 1125 535 et
1153 476 1340 539 excellentia

250 589 365 650 misera
387 585 565 649 conditione
586 583 732 646 occultae
752 592 835 644 sunt.
876 582 957 643 Post
976 582 1108 642 verbum
1136 592 1213 682 04&
1239 583 1340 643 omis-

250 759 322 802 sum
344 750 395 802 est
415 769 439 823 ι,
459 749 493 802 ut
512 740 555 802 sit
574 756 631 818 pro
649 705 749 820 didm.

499 911 658 1072 imici,
694 921 809 1058 milk
844 982 999 1090 με
1076 947 1131 1043 tr'

253 1151 333 1222 103.
387 1145 590 1247 Coniungit
617 1146 654 1218 in
679 1113 716 1217 te
740 1147 778 1240 (o
804 1141 955 1241 femina)
992 1143 1163 1218 fraudem
1197 1158 1232 1216 et
1257 1144 1343 1216 alie·

389 1273 593 1386 nationem.

334 1425 370 1484 ln
392 1424 517 1487 homine
540 1423 603 1485 duo
631 1439 705 1485 esse
732 1423 810 1485 vitia
838 1423 1022 1503 coniuncte,
1058 1421 1258 1503 proverbium
1281 1419 1342 1480 do-

252 1540 314 1594 cet
350 1531 472 1593 Poetae
500 1530 621 1612 satyris
660 1529 864 1592 celeberrimo
900 1528 1024 1610 Djeriro
1052 1525 1343 1610 ben-Abthijjah¹)

251 1636 449 1725 adscrilritur.
472 1639 569 1698 llunc
596 1637 637 1699 ad
664 1644 797 1699 mortem
819 1636 1011 1698 destinatum
1024 1634 1240 1717 Hedjdjadjus
1262 1637 1344 1696 ben·

251 1741 391 1824 Jusurp
417 1743 632 1807 intercedente
661 1753 758 1828 gente
771 1730 956 1826 Modlrar,
977 1743 1019 1807 ad
1040 1759 1134 1824 qnam
1155 1744 1344 1824 pertinebat,

251 1852 396 1914 libertate
422 1851 606 1913 donaverat.
642 1851 748 1913 llinde
773 1859 878 1914 autem
906 1849 971 1912 lilia
991 1852 1105 1913 Asmai
1128 1850 1345 1913 ben-Chari-

254 1958 329 2040 djsh
357 1959 518 2022 vindictae
538 1958 652 2042 cupide
673 1979 693 2023 a
716 1957 929 2042 lledjdjedjo,
959 1968 994 2021 ut
1022 1960 1082 2021 sibi
1103 1977 1178 2023 cum
1198 1967 1295 2039 poeta
1315 1959 1346 2019 in

254 2085 411 2132 consessu
439 2085 620 2130 sermonem
648 2069 767 2130 habere
796 2068 927 2150 liceret,
947 2068 1062 2149 petiit,
1092 2068 1242 2148 sperabat
1263 2067 1346 2129 enim

253 2175 342 2257 fore,
378 2183 411 2236 ut
442 2182 537 2256 poeta
565 2173 794 2254 lledjdjsdjum
829 2173 996 2236 laedentes
1030 2193 1146 2237 versus
1181 2175 1347 2256 proferret.

256 2287 352 2368 Quod
378 2307 473 2369 quum
496 2287 693 2370 permisisset
708 2285 943 2369 lledjdjadjus,
965 2287 1141 2372 Djerirum,
1165 2290 1219 2370 qui
1239 2288 1348 2370 lledj-

255 2393 395 2477 djadjum
414 2403 619 2477 praesentem
641 2411 718 2456 esse
739 2389 897 2478 nesciret,
926 2393 1033 2455 llinds
1055 2395 1099 2457 its
1127 2397 1266 2457 allocuta
1287 2403 1347 2457 est

256 2501 284 2566 0
307 2502 350 2564 flii
369 2501 574 2587 Alchathlae,
601 2519 731 2584 versus,
757 2499 870 2582 quibus
889 2500 1055 2562 mulierum
1076 2485 1146 2563 laus
1168 2510 1201 2564 et
1222 2501 1348 2565 blandi-

256 2609 321 2671 tiae
342 2608 460 2692 insunt,
482 2608 558 2670 mihi
577 2607 734 2688 proferas.
769 2609 852 2669 'lum
874 2607 937 2682 ille:
959 2607 1128 2670 Mulierem
1150 2627 1249 2670 versu
1264 2629 1348 2670 nun-

256 2734 352 2798 quam
380 2713 509 2777 laudavi
537 2722 571 2775 et
591 2714 682 2778 Deus
711 2713 785 2776 nihil
812 2713 886 2777 mihi
915 2713 1056 2778 odiosius
1083 2734 1178 2798 quam
1200 2717 1348 2779 mulieres

254 2823 445 2905 procreavit.
493 2819 674 2904 Respondit
700 2819 823 2886 llinda:
854 2820 959 2885 0tibi
987 2822 1049 2902 ipsi
1076 2815 1210 2885 infeste!
1244 2844 1351 2887 nonne

256 2929 339 2991 haec
358 2929 460 2991 verba
481 2923 615 2990 dixisti‘l

257 3089 754 3198 ,supp-awos&
853 3051 1352 3200 ἕῖἱζὲῗσῑέῶερᾈῑσὲξ

228 3295 367 3397 e
395 3288 518 3421 ree
542 3291 654 3425 on
672 3298 754 3420 a.»
859 3293 1353 3424 seer

258 3513 331 3649 ,ej
350 3513 410 3633 23}
434 3522 523 3636 ἐμὲ
548 3521 615 3604 ors
640 3510 761 3626 siz)
862 3507 991 3606 ms>
1003 3517 1209 3650 &dirimet
1226 3515 1354 3631 adj}

259 3710 497 3775 nllentriflcium
509 3715 572 3782 (sc.
580 3708 841 3789 instrumentum)
856 3729 953 3793 super
967 3713 1185 3794 splendentem
1194 3713 1355 3794 (dentium

301 3820 436 3899 seriem)
458 3818 565 3903 currit,
589 3819 681 3898 quasi
701 3818 823 3901 grando
849 3821 892 3882 sit
912 3840 931 3881 e
951 3821 1056 3884 medio
1077 3822 1170 3884 nubis
1191 3822 1354 3886 decidens.

299 3929 399 3990 Venit
414 3928 456 3991 ad
472 3937 506 3991 te
527 3935 624 3989 noctu
646 3927 744 3991 corda
764 3947 888 3992 venans
909 3938 942 3991 et
963 3949 1025 3994 nen
1048 3939 1099 3994 est
1119 3933 1182 3995 hoc
1202 3932 1355 3996 visitandi
1417 3988 1420 3994 ,

279 4132 310 4190 1]
327 4133 451 4182 Menum
469 4137 513 4183 est
529 4147 601 4184 anno
620 4134 675 4184 110
691 4130 785 4198 Hedjr.
819 4134 883 4186 llius
900 4135 1020 4187 earmina
1037 4138 1153 4190 collecta
1169 4143 1239 4190 sunt.

276 4224 308 4281 a]
326 4225 367 4273 ne
383 4225 434 4275 roo
450 4227 521 4276 conr.
539 4225 569 4276 c.
587 4227 700 4288 xxvn,
718 4225 762 4274 or.
