3026 4942
693 328 965 391 -146-.

263 521 343 592 479.
395 515 556 612 Quinam
584 511 688 584 cibus
715 511 888 581 esurienti
918 533 993 580 non
1021 501 1216 580 convenii?

485 685 734 862 ridjo}
773 687 926 826 urst
947 672 1014 844 335⁵
1077 727 1141 813 n.

263 949 347 1022 480.
398 947 549 1018 Initium
580 942 833 1015 cucurbitulas
860 939 1009 1042 aptandi
1047 954 1100 1010 est
1133 953 1262 1038 stupor
1297 962 1358 1010 oc-

399 1071 529 1170 cipitia.

325 1223 359 1281 ln
382 1240 453 1282 mco
476 1219 588 1282 codice
599 1210 718 1316 ἐμὲ)
742 1219 771 1278 in
794 1215 1002 1283 Pocockiann
1011 1219 1119 1313 ἐμὲ·
1135 1225 1194 1276 cst.
1218 1212 1358 1274 Codices

265 1347 299 1406 li.
322 1345 358 1404 B.
372 1344 488 1443 μὲ
508 1343 633 1404 habent.
676 1342 866 1403 Avicennae
879 1348 1002 1444 ,suls
1026 1349 1135 1419 stupor
1156 1340 1186 1398 in
1209 1339 1382 1400 membris

264 1478 325 1550 est,
348 1470 399 1548 qui
421 1477 530 1547 stupor
552 1467 646 1548 igitur
670 1483 769 1528 causa
791 1475 841 1527 est
863 1466 1073 1527 cucurbitulas
1096 1465 1233 1545 aptandi.

265 1867 349 1939 481.
405 1864 567 1957 Quinam
593 1889 698 1936 emor
725 1888 811 1936 cum
838 1866 1017 1936 electione
1045 1861 1113 1935 est?
1208 1965 1209 1968 Ἴ

477 2210 530 2230 Η
582 2212 603 2251 3
661 2212 691 2250 ,¹
837 2215 854 2232 .
1035 2212 1054 2232 ,

266 2299 349 2372 iso.
403 2295 530 2397 Adeps
557 2300 594 2372 in
621 2297 767 2373 deserto
804 2302 949 2372 nonnisi
989 2313 1142 2399 propter
1180 2299 1364 2373 calamita-

365 2476 369 2483 2
406 2435 481 2494 tom
508 2437 570 2495 esi.

354 2570 458 2650 Quam
493 2571 593 2634 affero
629 2573 789 2653 proverbii
818 2573 1074 2656 explicationem,
1104 2582 1171 2634 tota
1198 2573 1380 2635 Pocookio-

179 2691 182 2696 “
271 2681 413 2763 debetur,
436 2681 489 2762 qui
512 2700 605 2762 quum
626 2681 657 2740 in
678 2679 890 2762 intelligendis
912 2681 1089 2762 proverbiis
1110 2678 1228 2742 Arabis
1251 2683 1364 2743 cuius-

272 2789 345 2851 dam
366 2788 453 2849 docti
481 2789 629 2849 auxilium
658 2788 816 2871 adhibuit,
847 2787 911 2852 fide
933 2809 994 2851 non
1018 2790 1142 2852 omnino
1165 2799 1260 2854 caret.
1307 2767 1366 2854 sir

270 2895 398 2975 scripsit
418 2894 618 2974 proverbium
638 2894 726 2978 uult
752 2894 783 2962 ll
808 2910 865 2998 09
892 2897 916 2961 la
941 2909 1015 2992 ἱρή
1041 2898 1068 2980 3
1094 2897 1151 2962 ως
1181 2896 1312 2978 nAdeps
1334 2899 1366 2959 in

273 3020 333 3080 olla
368 3037 431 3079 non
465 3026 516 3078 est
552 3019 612 3100 nisi
639 3021 812 3100 perniciosa
846 3031 879 3084 et
913 3022 997 3084 hanc
1030 2999 1188 3104 proverbii
1221 3028 1366 3108 explica·

273 3125 390 3185 tionem
411 3121 545 3185 addidit:
567 3122 702 3211 Dicitur,
725 3146 797 3188 cum
817 3127 902 3209 illud,
925 3128 1008 3209 quod
1030 3130 1101 3209 quis
1123 3129 1240 3194 bonum
1261 3141 1365 3215 putot,

273 3233 389 3293 malum
403 3249 438 3290 re
452 3251 531 3293 vera
545 3241 597 3294 est
619 3242 651 3295 et
665 3235 887 3315 perniciosum.
909 3237 995 3298 Alibi
1016 3253 1061 3298 sc.
1078 3239 1108 3298 in
1121 3239 1200 3301 libro
1212 3243 1288 3342 ,odi
1303 3239 1365 3344 effi

273 3357 317 3418 ita
338 3355 493 3435 scriptum
513 3356 587 3437 lego
614 3357 701 3441 ΞΜ
728 3394 771 3443 0·
796 3359 889 3456 &fidi
909 3361 1024 3443 gxplt.
1062 3361 1173 3438 Ortum
1194 3366 1262 3428 cius
1283 3367 1368 3428 hunc

274 3477 372 3559 vulgo
388 3477 535 3539 referunt.
564 3477 701 3557 Quidam
718 3481 748 3543 in
764 3480 891 3544 deserto
908 3482 1105 3549 iterfaciens
1122 3506 1216 3571 quum
1232 3491 1368 3556 vidisset

275 3583 367 3646 ollam
395 3584 487 3664 adipe
509 3586 653 3667 plenam,
683 3595 717 3650 ut
739 3590 767 3650 ei
793 3590 976 3674 videbatur,
1006 3597 1131 3657 nemine
1155 3579 1391 3683 custodientes

275 3710 390 3771 panem
403 3691 528 3752 intinxit
544 3701 576 3753 ot
590 3695 747 3766 comedit„
765 3696 885 3760 Postea
904 3700 1029 3764 rediens
1044 3705 1080 3763 et
1090 3704 1249 3769 hominem
1265 3728 1367 3791 quen-

278 3797 349 3859 dam
361 3796 486 3880 videnS,
507 3805 542 3859 ut
558 3792 751 3884 ignosceret,
773 3807 910 3890 rogavit,
934 3809 1017 3888 qnod
1040 3819 1078 3872 eo
1101 3811 1235 3877 absente
1253 3835 1368 3896 panem

277 3904 360 3984 adipi
380 3905 547 3967 intinxerit.
592 3906 652 3968 Cui
672 3910 737 3971 ille.¹
773 3913 816 3973 Et
838 3916 994 3995 quomodo
1011 3919 1064 4002 lit,
1087 3929 1121 3981 ut
1142 3932 1283 3985 mortuns
1304 3944 1368 3986 non

278 4012 334 4094 sis,
355 4015 463 4075 verbis
484 4023 550 4076 tum
571 4019 732 4096 proverbii
752 4028 861 4105 utens,
885 4020 955 4100 [ille
976 4040 1022 4086 sc.
1044 4037 1203 4092 venenum
1224 4032 1266 4093 ibi
1287 4046 1368 4094 con-

277 4116 423 4197 ficiebat)
447 4129 479 4182 et
500 4122 633 4186 eductos
654 4145 696 4186 ex
717 4128 779 4188 olla
799 4140 965 4210 serpentes
983 4133 1024 4194 illi
1047 4138 1195 4199 ostendit.
1221 4139 1368 4218 Quidam

276 4226 397 4310 lerunt,
425 4227 510 4292 illinn
541 4231 654 4294 deinde
680 4231 827 4314 opinione
849 4238 917 4300 eius
938 4241 1022 4320 qdod
1044 4235 1185 4328 mutu,-
1214 4256 1368 4312 mortuum
