3014 4936
450 299 457 316 '
594 339 825 422 pars-

162 526 353 592 intransitivi
383 526 568 608 (atteritum
597 527 692 610 mse)
720 527 995 618 significationem
1024 527 1057 590 in
1086 531 1257 611 proverbio

31 651 35 689 :
163 637 326 699 coniunxit
349 636 547 721 Meidunius,
573 634 606 698 id
630 615 1074 718 vix'prooaudim'ddetur.
1117 635 1258 701 Secaudi

163 745 355 826 significatio
376 745 512 812 vocibus
529 744 640 811 inesse
667 742 814 830 videtur„
838 763 904 830 qua
920 742 1157 830 amboactae
1177 746 1258 834 baua

163 859 197 914 et
230 853 376 916 celeriter
396 849 578 932 perficiendi
600 850 685 930 actio
706 849 871 913 indicatur.

164 1221 246 1293 129.
291 1214 505 1294 ,Retributio
531 1215 609 1290 eius
629 1230 707 1307 est,
733 1213 1050 1320 quemadmodum
1076 1215 1256 1294 Schaulae

299 1355 493 1446 pensatum
518 1337 601 1422 fuit.
665 1404 666 1410 ,

244 1465 491 1534 Observandum
518 1474 588 1554 est,
611 1467 648 1534 iu
677 1465 840 1532 codicibus
863 1465 917 1530 L..
931 1469 968 1530 B.
995 1465 1257 1550 et,Bocockiauo

160 1567 225 1652 legi
244 1569 324 1660 tlya
351 1570 429 1674 sl?
452 1574 528 1676 ⁸³5?
550 1570 726 1634 „Pensavit
748 1568 828 1654 (ei),
842 1567 1107 1654 quemadmodum
1124 1567 1256 1633 Schau-

163 1696 201 1757 1ae
221 1694 445 1777 pensabam«
468 1697 606 1760 Brevius
628 1706 680 1761 est
700 1695 785 1778 apud
805 1695 1054 1788 Samachsohar.
1078 1694 1158 1788 ψ.
1177 1698 1258 1802 sl?

158 1805 379 1907 „Peu'sauone
411 1818 609 1908 Soboulae.“
656 1823 798 1887 Schaula
833 1841 951 1886 servae
983 1841 1099 1884 nomen
1126 1829 1195 1884 erat
1225 1820 1257 1884 in

161 1927 277 2012 oppido
299 1928 406 2015 Cuia,
434 1949 516 2013 quae
544 1929 700 2016 quotidie,
729 1939 764 1994 ut
792 1930 962 1996 drachmae
983 1931 1084 2012 pretio
1106 1923 1256 2012 butyrum

162 2045 284 2104 emeret
289 2081 301 2121 ,
327 2038 519 2101 mittebatur.
560 2039 699 2102 Factum
720 2047 826 2102 autem
848 2047 916 2124 est,
941 2045 994 2122 ut,
1019 2056 1114 2119 quum
1137 2037 1256 2100 drach-

159 2165 244 2208 mam
271 2143 448 2207 invenisset
475 2152 508 2206 et
533 2144 617 2208 hauc
647 2145 771 2208 emendi
801 2146 908 2229 butyri
935 2145 1036 2227 pretio
1065 2143 1253 2228 addidisset,

162 2251 289 2314 domum
317 2248 443 2312 rediens
471 2270 491 2315 a
519 2250 645 2315 domino
672 2260 911 2335 percuteretur,
940 2250 1027 2332 quod
1048 2269 1119 2312 eam
1141 2250 1182 2313 da
1202 2246 1255 2312 di-

160 2359 257 2422 midio
278 2359 369 2439 pretii
389 2358 473 2424 furto
505 2360 645 2440 quotidie
673 2361 780 2422 abiate
808 2367 989 2425 accusaret.
1029 2359 1175 2422 Alterum
1204 2360 1255 2419 in-

160 2465 202 2528 do
217 2471 322 2527 onum
335 2455 538 2545 proverbium
560 2475 624 2529 ost:
651 2467 740 2560 υθέ.
757 2503 807 2553 υ.
831 2465 954 2580 &aad
978 2462 1140 2546 „Fidelior
1161 2483 1256 2545 quam

162 2584 343 2654 Schaula.“
385 2590 478 2654 Coos.
508 2591 546 2656 C.
574 2591 690 2678 XXV,
722 2591 792 2654 128.
833 2588 1029 2661 Beneficium
1061 2589 1157 2671 igitut
1186 2591 1256 2655 eius

160 2700 245 2762 malo
265 2705 435 2780 pensatum
455 2698 523 2760 icit.
566 2699 662 2763 eunt.
682 2718 774 2781 prov.
794 2700 824 2763 7.

403 2834 494 2869 caea
554 2831 644 2868 caea
760 2821 825 2867 ὗε,
901 2842 921 2865 a

375 2882 492 3010 μ)
527 2883 717 3025 ..1.ερ
754 2869 826 3016 ωις
861 2865 936 2972 als
1007 2886 1060 2966 rr.

163 3073 244 3140 130.
295 3067 405 3143 Venit
428 3068 533 3169 quasi
560 3069 598 3143 in
624 3068 743 3143 oculis
768 3066 861 3142 duaa
885 3059 1004 3142 hastas
1028 3065 1179 3144 habeus.

241 3195 293 3255 Do
313 3194 444 3255 multum
471 3193 603 3258 timoute
629 3202 663 3256 et
683 3207 750 3257 tum
771 3213 897 3276 quoque
920 3192 960 3256 de
981 3203 1073 3257 torvo
1094 3195 1187 3258 vultu
1209 3196 1251 3258 ob

158 3301 236 3362 iram
257 3299 455 3382 adspiciente
476 3301 600 3364 dicitur.
641 3303 745 3366 Aliter
773 3305 893 3386 legitur
917 3304 1118 3384 proverbium
1139 3303 1170 3364 iu
1192 3320 1252 3364 co-

144 3406 689 3511 ἱ(110111131111ᾝέμ11....,ι
714 3408 767 3510 od
791 3415 858 3494 al?
882 3411 919 3474 P.
941 3419 1056 3516 053
1086 3409 1254 3496 „Advenit

160 3533 252 3613 quasi
273 3533 343 3596 eius
365 3533 448 3596 oculi
467 3533 499 3596 in
520 3532 643 3596 duabus
664 3534 784 3596 lanceis
806 3530 952 3596 essent.“

452 3660 467 3698 1
489 3660 504 3698 1
551 3676 590 3698 a
640 3663 730 3700 μοι
816 3679 835 3700 a

451 3701 589 3858 mala
630 3733 733 3841 xj,
773 3700 846 3806 zi>
919 3723 967 3802 tu

162 3903 243 3974 131.
295 3875 406 3972 Venit
429 3899 618 3973 musculos
643 3899 714 3974 sub
740 3899 849 3974 axilla
880 3915 1076 3976 trementes
1102 3899 1250 3975 habens.
1314 3923 1320 3934 ’

242 4041 442 4113 Vocabulum
470 4061 571 4149 11.ωρ
593 4053 696 4116 caruis
717 4061 839 4135 partem
860 4053 941 4116 inter
961 4054 1125 4118 humerum
1147 4063 1179 4118 et
1200 4055 1251 4120 la-

160 4183 212 4236 tus
233 4173 400 4259 designat,
430 4179 564 4258 quaein
591 4179 681 4261 cquis
702 4179 836 4261 primum
858 4188 993 4244 tremere
1011 4185 1104 4250 solat
1145 4182 1249 4244 Pavi-

159 4281 234 4346 dum
254 4283 349 4366 igitur
370 4295 404 4347 et
423 4284 631 4350 vehementer
656 4295 843 4353 trementem
864 4289 1065 4370 proverbium
1091 4290 1251 4375 designat.
