3004 4926
597 333 844 396 „wo-

247 516 373 582 Schaur
393 539 506 582 nomen
527 520 585 579 viri
609 528 668 580 est.
711 520 912 581 Vocabulum
934 532 995 621 tp·
1023 540 1138 583 nomon
1164 539 1254 586 mus-

68 631 71 636 ’
163 637 222 682 cae
245 628 308 701 εει,
334 639 415 702 qnae
436 623 543 683 asinos
564 621 688 702 aliaque
707 621 852 686 iumento
872 623 1069 703 persequitur
1093 623 1124 683 in
1145 641 1254 684 eorum

161 746 255 789 nares
276 729 406 789 intrans:
446 731 482 790 ln
504 731 703 811 ignorantem
721 728 844 810 dicitnr,
866 729 917 809 qni
938 729 969 790 in
980 730 1157 812 ignorantia
1176 750 1254 812 per-

162 843 303 917 severat,
324 854 427 917 neque
448 856 468 899 a
488 838 641 898 monitore
662 837 845 916 increpante
867 854 905 897 se
927 837 1043 920 corrigi
1063 837 1145 899 sinit.

362 963 368 974 ·
452 973 489 1003 2,
562 953 602 1004 3>
699 964 765 1004 ιο,
810 958 905 1002 moe

388 1040 489 1142 pqr>
525 1005 606 1127 [ᾧ
642 1047 772 1144 55»
804 1003 902 1155 cij)
976 1022 1022 1104 iii

167 1195 243 1270 162.
312 1195 420 1269 Venti
455 1193 635 1296 Wadjrae
688 1219 814 1269 omnes
862 1213 949 1267 sunt
994 1193 1254 1272 occidentales.

243 1339 403 1420 Wadjrae
424 1361 538 1404 nomen
566 1343 627 1404 loci
654 1348 707 1402 est
740 1339 781 1401 ad
804 1339 933 1420 Syriam
959 1340 1163 1423 pertinentis,
1186 1341 1254 1404 Ar-

160 1448 282 1510 meniae
303 1448 446 1530 confinis,
469 1450 501 1511 in
527 1470 588 1532 quo
618 1449 721 1530 frigus
743 1447 919 1508 vehemens
948 1454 1009 1508 est.
1051 1447 1254 1510 Vocabulum

154 1555 266 1654 „arn
288 1555 435 1636 (Dabur)
457 1567 589 1620 ventum
610 1557 842 1621 occidentalem
864 1555 1020 1636 designat.
1053 1554 1253 1618 Scholiastes

158 1664 265 1720 autem
287 1657 383 1742 dixit,
409 1677 483 1720 esso
504 1668 634 1721 ventum
657 1679 675 1720 a
696 1661 827 1741 regione
848 1658 977 1719 flantem
982 1701 995 1741 7
1017 1675 1134 1718 versus
1156 1675 1252 1738 quam

158 1781 274 1842 preces
296 1763 420 1828 faciens
441 1784 479 1828 se
500 1767 674 1850 convertit,
698 1785 782 1846 quae
804 1753 897 1846 Syris
920 1764 1066 1826 australis
1089 1769 1147 1824 εει.
1190 1764 1254 1826 Ηίο

159 1879 210 1931 εει
229 1871 389 1933 Arabibns
411 1873 610 1953 turpissimus
632 1881 761 1952 ventus,
784 1873 836 1954 qui
856 1887 959 1954 neque
981 1873 1096 1934 nubem
1117 1869 1253 1955 adferre,

158 1995 263 2057 neque
295 1978 439 2040 arborem
465 1978 658 2040 foecundare
691 1979 813 2040 dicitur.
861 1979 913 2039 De
947 1979 1015 2039 viro
1051 1960 1253 2058 prove‘rbinm

160 2084 291 2166 dicitur,
313 2086 366 2167 qni
386 2087 510 2153 omnino
533 2088 602 2150 aliis
624 2089 803 2150 contrarius
829 2095 887 2150 εει.
929 2087 1096 2150 Proverbii
1117 2095 1252 2149 metrum

160 2190 253 2252 Sarih
275 2199 335 2254 est.
360 2191 451 2255 Conf.
473 2195 523 2257 lib.
545 2215 583 2256 m.
606 2217 637 2277 p.
659 2193 730 2260 246.

317 2315 475 2474 isaii
498 2330 673 2477 sparti
705 2331 828 2519 iiiii
866 2327 967 2501 0333
1042 2379 1098 2458 ur
1153 2462 1157 2471 s

160 2586 243 2657 163.
294 2586 428 2658 Incessi
457 2612 542 2657 cum
569 2611 704 2683 magna
731 2604 766 2658 et
794 2585 915 2688 ampla
946 2581 1065 2656 situla.

240 2737 277 2795 ln
297 2735 427 2796 scholiis
449 2735 565 2817 legitur
576 2720 664 2825 ,ὣς
679 2738 760 2834 ,3555
783 2738 802 2797 i.
825 2755 853 2796 e.
895 2735 1038 2797 Verbum
1061 2734 1101 2831 is)
1124 2733 1250 2816 signifi-

156 2868 210 2920 cat
231 2877 361 2939 passum
382 2859 506 2939 posuit;
536 2867 570 2919 ut
591 2860 690 2924 verbo
712 2879 784 2921 cum
796 2857 1030 2940 praepositione
1052 2889 1087 2940 ga
1106 2857 1252 2939 portandi

153 2986 346 3069 significatio
367 2985 485 3048 tributa
504 3004 581 3048 esse
601 2986 758 3070 videatur,
772 3005 919 3076 ¹quocum
939 2996 1001 3086 ιφ)
1022 3002 1140 3064 possus
1171 3004 1251 3047 unus

157 3109 320 3172 cohaeret.
342 3111 387 3172 At
407 3109 438 3170 in
451 3110 586 3171 Kamusi
608 3111 711 3173 lexico
734 3111 875 3173 leniter
890 3113 1053 3188 (urnam)
1074 3112 1251 3191 attraxit3

155 3219 187 3279 in
207 3217 373 3300 Djeuharii
404 3237 499 3298 opere
530 3219 680 3280 leniter
712 3223 892 3294 (urnam)
921 3218 1086 3281 demisit
1120 3221 1249 3304 legitur,

156 3345 224 3408 quar
237 3327 429 3407 significatio
450 3347 514 3388 non
534 3326 637 3388 minus
658 3334 734 3407 apta
750 3328 887 3390 videtur.
918 3327 1128 3389 Proverbium
1144 3336 1252 3390 autem

154 3434 311 3496 hominem
335 3436 459 3518 magnis
481 3435 637 3498 molestiis
657 3434 797 3496 ferendis
818 3455 926 3518 parem
953 3455 1027 3497 esse
1055 3443 1088 3496 et
1114 3454 1249 3518 magnas

154 3561 206 3604 res
235 3543 389 3624 perficere
396 3587 408 3626 ,
441 3542 607 3625 significat.
683 3543 849 3605 Proverbii
876 3551 1011 3605 metrum
1037 3541 1158 3624 Redjes
1191 3554 1249 3605 cst.

155 3650 248 3714 Conf.
271 3651 319 3712 lib.
342 3670 381 3711 m.
404 3672 433 3732 p.
454 3651 525 3715 230.

510 3760 660 3905 arian
696 3763 772 3934 ξιξ
846 3805 900 3892 ιιι

158 3998 237 4070 164.
276 3997 413 4068 Petivit
440 4021 591 4080 eumin,
619 4021 695 4094 qun
722 3991 968 4066 adsilentium
994 3991 1244 4067 reductusest.

237 4149 408 4211 infortunio
424 4165 540 4230 magno
562 4167 632 4210 eum
654 4147 784 4210 adflixit.
827 4149 862 4208 In
876 4147 1022 4209 Kamuso
1044 4149 1246 4229 proverbium

154 4259 202 4320 sio
223 4258 349 4339 legitur:
372 4257 487 4340 ευκιιι
512 4256 564 4356 ιιι)
587 4265 619 4316 ει
640 4256 755 4324 'atim
783 4259 853 4356 ιιι).
