2986 4930
692 389 734 400 ..
774 353 836 417 478
876 387 917 398 ,η

349 542 523 606 Proverbio
544 550 677 606 metrum
696 537 847 619 Redjes
869 545 928 599 est.
950 535 1032 598 conf.
1054 535 1072 596 l.
1095 553 1136 596 m.
1163 553 1193 614 p.
1213 531 1284 596 232.
1320 534 1356 594 A

267 649 389 713 camela
410 649 441 710 in
462 667 593 711 avarum
614 646 801 710 transfertur
822 652 854 705 ct
873 645 905 705 in
926 662 998 705 eum
1019 640 1150 725 dicitur,
1175 642 1227 723 qui
1246 640 1357 721 preci-

265 759 327 820 bus
347 763 442 840 urget
461 772 609 838 avarum,
630 761 665 816 ut
687 752 806 816 invitus
827 771 894 813 rem
913 750 1018 814 faciat.

561 891 603 924 oe
686 887 764 922 ’oa
849 876 912 922 οὗ)
950 884 986 919 o>

530 917 1098 1065 fflmfflmb

268 1104 325 1176 18.
375 1097 513 1170 Decem
537 1099 776 1193 margaritae,
811 1091 958 1166 Sahdus
981 1091 1100 1166 faber.

322 1285 326 1302 ,
354 1233 391 1294 ln
417 1231 585 1313 proverbio
614 1229 820 1313 explicando,
851 1227 934 1310 quod
961 1228 992 1288 in
1019 1223 1184 1288 mendacio
1213 1233 1245 1286 et
1273 1223 1356 1285 sutili

264 1357 411 1403 sermone
431 1337 595 1421 adhibent,
624 1337 821 1421 grammatici
849 1339 978 1399 multum
1005 1335 1200 1397 dissentiunt.
1244 1331 1357 1414 Origi-

264 1465 337 1508 nem
358 1465 379 1509 a
398 1447 509 1509 Persis
531 1445 663 1508 duxisse
684 1452 819 1507 narrant.
860 1445 981 1506 Persae
1006 1441 1047 1504 ad
1068 1442 1192 1504 Arabes
1214 1441 1245 1502 in
1265 1458 1359 1501 mar-

264 1555 377 1639 garitis
396 1563 582 1618 mercaturae
602 1553 768 1617 faciendae
790 1570 888 1616 causa
908 1551 1088 1636 veniebant,
1118 1558 1152 1612 ct
1173 1568 1268 1632 quum
1289 1548 1357 1610 lin-·

264 1683 361 1749 guam
382 1663 553 1725 Arabicam
573 1681 636 1725 nou
655 1662 737 1724 berre
758 1661 927 1743 callerent,
954 1657 995 1721 ad
1019 1649 1200 1718 numerum
1214 1655 1357 1717 decem

264 1770 507 1862 significandum
527 1770 685 1832 vocabulo
712 1785 766 1851 a),
793 1767 833 1830 ad
854 1783 1019 1829 numerum
1040 1764 1115 1828 duo
1136 1763 1294 1828 vocabulo
1311 1781 1357 1854 ,c

264 1871 440 1956 utebanturJ
468 1892 596 1954 Accidit
616 1900 733 1975 autem,
755 1899 791 1953 ut
810 1892 861 1952 vir
881 1891 1069 1972 margaritas
1083 1890 1172 1952 albas
1192 1895 1226 1950 et
1245 1886 1356 1968 nigras

263 2000 409 2084 baberet,
420 2019 487 2062 rem
499 2008 606 2062 autem
614 2000 739 2062 Arabes
748 2001 877 2062 celaret.
891 1999 938 2060 Illi
948 2006 1056 2061 autem
1070 1997 1216 2062 dixerunt
1227 2012 1306 2096 Μὰ
1313 2011 1357 2083 ,a

265 2122 357 2185 aduae
373 2122 570 2205 margaritae
592 2122 612 2183 i.
633 2141 661 2184 e.
684 2119 753 2185 duae
774 2121 1014 2204 margaritarum
1032 2121 1159 2202 species
1178 2132 1261 2182 sunt.
1286 2120 1358 2181 Aut

263 2231 366 2294 Persa
380 2231 418 2292 iis
433 2231 545 2293 decem
560 2230 748 2312 margaritas
761 2230 895 2310 pretium
910 2231 1025 2292 mercis
1039 2237 1184 2294 statuens
1201 2227 1358 2290 offerebat

264 2345 298 2402 et
310 2338 437 2400 Arabes
458 2337 647 2419 margaritas
669 2336 848 2399 accuratius
863 2337 1077 2418 inspicientes,
1099 2337 1209 2399 Persae
1229 2351 1356 2397 sermo-

262 2466 336 2511 nem
355 2448 471 2510 salsum
498 2465 575 2509 esse
596 2453 818 2528 cognoverunt
838 2454 871 2507 ct
891 2446 1050 2527 proverbii
1069 2446 1171 2508 verba
1198 2443 1356 2507 dixerunt.

263 2555 283 2617 i.
304 2573 333 2617 e.
352 2553 438 2636 quod
459 2553 501 2618 ad
521 2554 633 2616 decem
653 2554 844 2636 margaritas
872 2556 1000 2633 attinet,
1033 2572 1111 2636 quas
1134 2562 1167 2616 tu
1188 2554 1280 2615 nobis
1301 2552 1356 2614 of-

262 2661 349 2746 fers,
377 2671 411 2725 tu
434 2662 542 2725 Sahdo
564 2663 654 2730 fabro
677 2663 787 2724 similis
809 2679 862 2745 cs,
892 2662 945 2744 qui
965 2664 997 2725 in
1017 2643 1137 2724 itineris
1158 2660 1208 2721 die
1229 2661 1356 2722 consti-

263 2770 377 2836 tuendo
398 2771 514 2836 falsum
535 2782 568 2835 et
590 2776 777 2839 mendacem
803 2791 841 2834 se
870 2789 994 2851 semper
1020 2768 1167 2832 ostendit.
1209 2769 1355 2831 Prover-
1424 2751 1427 2754 ¹

263 2880 307 2942 bii
338 2880 446 2941 verbis
473 2887 530 2942 aut
557 2881 737 2943 accusativi
768 2888 824 2940 aut
854 2877 1037 2941 nominativi
1066 2893 1178 2938 casum
1207 2875 1355 2936 tribuunt.

266 2986 359 3066 Quod
382 2986 410 3047 si
431 2987 611 3049 accusativi
632 3005 741 3049 casum
762 2987 920 3068 admittis,
947 3005 988 3046 ex
1010 2983 1128 3045 omisso
1148 2982 1248 3044 verbo
1269 2983 1354 3084 0³²⁸

189 3087 195 3090 ’
264 3109 484 3193 significat
518 3097 623 3170 aliove
649 3109 784 3194 pcndct,
818 3109 867 3169 siu
897 3114 1003 3168 autom
1031 3107 1215 3172 nominativi
1243 3123 1355 3168 casum
1389 3113 1392 3122 ’

264 3235 340 3278 csse
361 3217 488 3298 statuis,
510 3223 563 3277 est
584 3215 718 3278 subiecti
738 3223 772 3277 et
792 3213 964 3296 praedicati
985 3213 1109 3296 phrasis
1132 3211 1238 3296 modo,
1260 3231 1354 3293 quem

264 3324 406 3386 Arabum
426 3323 626 3407 grammatici
644 3325 746 3407 :lassi
768 3324 946 3405 appellant,
971 3322 1016 3383 ita
1035 3329 1070 3384 ut
1090 3340 1262 3403 pronomen
1283 3325 1354 3396 ,gall

265 3455 305 3512 tu
324 3450 515 3532 suppleatur.
545 3449 714 3512 Vocabulo
735 3466 822 3550 opp>
842 3457 950 3511 autern
969 3449 1083 3510 Dualis
1104 3449 1270 3511 numerum'
1292 3447 1354 3510 de-

265 3575 352 3638 disse
371 3571 488 3660 dicunt,
504 3582 540 3636 ut
553 3571 708 3636 mendacii
729 3573 995 3658 significationem
1017 3573 1213 3656 duplicarent
1234 3583 1268 3638 et
1287 3575 1355 3637 vim

264 3691 427 3767 augerent.
467 3681 548 3745 Mihi
568 3681 674 3763 potius
696 3681 816 3743 Persae
837 3682 988 3744 vitiosum
1007 3701 1186 3744 sermonem
1205 3681 1357 3744 imitaturi

264 3802 319 3857 aut
346 3791 500 3874 duplicem
535 3789 773 3871 margaritarum
806 3791 947 3871 speciem
980 3790 1146 3853 indicaturi
1173 3789 1205 3851 id
1233 3789 1355 3852 fecisse

263 3900 417 3964 videntur.
460 3901 543 3964 Sunt
569 3905 693 3978 autem,
723 3898 776 3980 qui
801 3915 872 3997 &P
895 3917 932 3964 ao
977 3899 1091 3961 falsum
1134 3895 1353 3980 significaturi,

265 4021 389 4084 abiecta
415 4022 520 4086 littera
546 4068 594 4122 ω,
622 4020 736 4083 dicant.
785 4019 915 4101 Sijadus
944 4019 1082 4084 Cilabita
1109 4039 1183 4125 aba
1207 4038 1255 4088 ω’
1270 4018 1355 4099 (doh

187 4221 190 4228 ¹
266 4143 408 4226 dorraih)
428 4147 514 4213 dixit.
556 4147 654 4216 Vario
675 4157 781 4211 autem
802 4147 896 4210 modo
923 4147 984 4210 hac
1008 4166 1109 4212 voces
1136 4153 1295 4232 mutatae,
1318 4156 1354 4210 ut

265 4265 390 4355 owe,
406 4267 504 4358 ,caso
523 4262 557 4319 et
570 4257 693 4354 ,ictam
723 4255 874 4344 eleisum,
895 4253 1112 4321 mendaciumn
1132 4253 1310 4337 designant.
