2996 4928
698 353 922 420 ‚533-

267 537 484 624 Djolrsisehus
503 536 695 622 appellatus,
715 546 752 601 ut
772 553 886 600 cursus
907 546 1068 601 certamen
1099 557 1140 601 eo
1165 541 1369 622 conditione,

266 657 314 733 ut,
328 650 380 731 qui
393 647 561 712 victoriam
581 654 788 732 reportasset,
810 645 941 709 ulterius
962 663 1077 728 equum
1091 649 1263 732 occiperet,
1285 665 1368 710 oum

265 757 337 842 ipso
363 757 466 840 iniret,
496 755 633 839 rogavit
679 754 858 818 Meahdsus
886 757 1050 818 consensit
1077 764 1110 818 et
1136 774 1233 838 quum
1262 774 1368 818 eursu

267 867 340 946 equi
369 862 419 928 sui
444 865 596 954 uicisset,
625 862 704 926 victi
732 882 847 945 equum
873 865 998 924 sumsit.
1033 864 1126 925 Alter
1151 872 1260 928 eutem
1280 866 1368 927 Ma-

267 973 358 1038 ohdsi
388 973 468 1036 irem
501 972 642 1035 excitare
678 973 810 1054 cupiens
840 970 947 1054 gladio
981 973 1054 1053 equi
1089 971 1367 1053 hypoohondrium

266 1082 445 1167 percussit,
479 1085 517 1143 ut
546 1078 734 1164 procideret
782 1080 962 1143 Mtahdsus
997 1080 1079 1144 hoec
1115 1081 1230 1144 videns
1264 1080 1367 1145 dixit:

266 1191 363 1254 Voclr
383 1181 454 1253 tibil
482 1207 600 1270 equum
622 1188 785 1271 occidisti,
812 1189 865 1271 qui
891 1198 924 1251 te
947 1197 981 1251 et
1000 1190 1062 1251 tuis
1083 1189 1266 1270 perentibus
1287 1209 1367 1252 me-

265 1301 322 1363 lior
344 1305 408 1382 est,
429 1305 497 1360 tum
519 1295 624 1380 gladio
650 1316 723 1359 eum
752 1296 869 1359 occidit
890 1305 922 1358 et
943 1296 984 1358 sd
1005 1298 1182 1360 avunculos
1204 1295 1366 1378 confugit.

268 1405 374 1488 Quum
396 1405 520 1470 interim
540 1422 622 1487 gens
644 1404 744 1466 occisi
765 1401 806 1465 de
826 1423 862 1465 re
883 1404 997 1467 certior
1018 1405 1106 1466 lecto
1127 1412 1233 1482 esset,
1262 1403 1366 1466 frater

267 1513 369 1578 occisi
397 1520 431 1575 et
465 1514 563 1575 frater
590 1530 632 1574 ex
661 1511 724 1575 olis
742 1520 846 1576 metre
867 1520 962 1574 natus
989 1530 1060 1573 eum
1088 1512 1251 1593 persecuti
1279 1521 1364 1575 sunt.

268 1621 337 1688 Sed
359 1629 501 1708 uterque,
527 1638 611 1682 unus
632 1620 747 1704 hoste,
769 1620 851 1684 elter
874 1619 1002 1703 gladio,
1027 1620 1067 1683 ab
1089 1639 1128 1683 eo
1151 1620 1279 1684 occisus
1301 1631 1364 1683 est.

267 1731 349 1795 Post
369 1731 520 1812 temporis
543 1728 680 1812 spatium
702 1737 854 1791 venetum
882 1728 1037 1790 comisto
1058 1735 1175 1812 gente,
1202 1728 1246 1791 od
1268 1746 1364 1811 quem

268 1857 306 1902 se
327 1840 516 1918 contulerat,
539 1838 624 1900 exiit.
652 1837 788 1900 Factum
811 1845 916 1898 cutem
938 1843 998 1921 est,
1021 1843 1055 1896 ut
1077 1855 1171 1918 quum
1184 1835 1363 1898 Moohdsus

269 1966 425 2032 onagrum
450 1954 714 2028 persequeretur,
743 1945 793 2006 vir
820 1942 949 2026 quidam
969 1942 1221 2024 Alghedhbenus
1248 1945 1363 2027 appel-

268 2057 371 2138 latus,
399 2061 434 2116 ut
455 2073 475 2116 o
495 2051 716 2135 persequendo
738 2051 920 2135 desisteret,
941 2053 1126 2135 postularet,
1148 2062 1181 2114 et
1201 2055 1365 2116 recusanti

268 2162 399 2224 diceret.
442 2160 501 2224 nSi
522 2156 595 2240 quid
615 2158 688 2220 boni
708 2158 740 2218 in
760 2166 793 2219 te
816 2165 923 2240 esset,
945 2168 1074 2240 gentem
1097 2167 1182 2221 tuem
1203 2180 1265 2222 non
1286 2161 1364 2223 reli-

270 2269 426 2352 quissesc
469 2267 516 2329 At
536 2264 715 2329 lllechdsus
743 2263 941 2346 respondens
968 2267 1128 2347 proverbii
1147 2269 1248 2330 verbe
1274 2268 1364 2332 dixit.

267 2375 409 2441 Rediens
438 2385 505 2438 tum
532 2374 640 2437 stetim
669 2371 711 2436 od
736 2392 815 2436 suos
836 2371 1052 2436 intercedente
1075 2384 1174 2457 geute
1201 2384 1234 2438 et
1254 2377 1364 2441 coedis

267 2486 370 2566 pretio
399 2486 503 2547 soluto
533 2501 553 2546 e
579 2481 721 2546 vindicte
750 2482 903 2544 liberatus
931 2489 991 2544 est.
1037 2483 1206 2546 Proverbii
1231 2503 1364 2550 sensum

268 2602 366 2676 poeto
387 2595 565 2674 expressit:

280 2722 383 2754 nor.
415 2723 450 2752 cr
487 2717 618 2750 ..mou
644 2724 690 2750 ιο
742 2725 788 2750 ο.
855 2725 869 2748 ο
899 2722 946 2748 ..r
972 2724 1018 2750 or.
1067 2722 1113 2748 ‚or
1146 2715 1185 2750 οε
1222 2727 1266 2752 ιο
1336 2737 1352 2750 .

270 2754 384 2855 en
402 2754 791 2882 escoves.
844 2751 1020 2859 teon
1050 2753 1115 2839 o.-
1141 2763 1181 2849 ω·
1205 2774 1296 2826 w
1323 2756 1365 2880 n

271 2915 327 2981 „si
347 2926 382 2981 tu
403 2917 454 2981 vis
476 2917 549 2982 odio
574 2918 700 3001 haberi,
730 2919 859 3000 saepius
884 2918 1001 3000 visite,
1038 2926 1070 2980 et
1095 2920 1124 2982 si
1153 2938 1261 2983 emere
1289 2938 1363 2982 erc-

310 3045 405 3091 seere
425 3030 495 3111 vis,
515 3047 588 3090 raro
609 3020 744 3091 visitolo

353 3137 396 3200 Et
416 3136 497 3198 olius
518 3134 644 3217 quidam
665 3137 713 3198 sie
739 3136 868 3199 cecinit:

271 3479 371 3586 mul
382 3492 432 3610 ,l
460 3504 506 3647 εὸιΙ
526 3483 654 3631 &edit
676 3485 791 3610 itt.
869 3500 953 3631 effuso
978 3489 1066 3627 {ig}
1087 3500 1180 3620 guel
1201 3489 1240 3625 [Ji
1258 3507 1296 3623 jj·
1320 3492 1363 3626 {li

274 3669 378 3733 ”Raro
400 3662 515 3732 visite!
525 3715 536 3754 ,
557 3689 631 3734 nom
651 3673 794 3735 visitatio
822 3675 950 3754 saepius
978 3675 1115 3755 repetite
1135 3676 1176 3738 sd
1197 3675 1365 3738 alienatio-

311 3797 384 3842 nem
405 3782 460 3843 uie
486 3788 565 3842 estc
613 3781 730 3844 Nonne
757 3782 885 3864 vidisti,
914 3783 1054 3864 pluviem
1081 3785 1305 3847 vehementem
1334 3794 1365 3847 et

311 3889 492 3951 continuum
513 3889 657 3953 homines
680 3889 785 3953 taedio
807 3889 953 3978 allicere,
978 3891 1051 3952 dum
1071 3893 1216 3954 menibus
1237 3895 1364 3978 petitur,

314 4011 406 4073 quum
434 4013 533 4078 porco
561 4006 640 4062 esto

393 4102 554 4190 versuum
577 4117 711 4233 metrpm
734 4108 859 4236 'lirapil
882 4118 940 4172 est.
962 4109 1055 4174 Conf.
1076 4111 1095 4170 l.
1117 4131 1158 4172 m.
1182 4132 1212 4193 p.
1237 4113 1305 4175 rel.

528 4215 534 4234 ⁹
664 4215 683 4247 J
739 4229 758 4248 a
816 4217 881 4250 soa
1235 4211 1237 4218 ⁴

654 4281 761 4410 tlt?
804 4279 878 4389 ὼ)
953 4275 992 4350 ⁸⁸⁰
