2986 4930
551 395 593 406 --
634 362 696 424 427

122 559 178 602 rus
200 521 307 604 eutem
334 543 364 602 in
394 559 433 604 eo
455 543 526 604 loco
548 555 665 608 turrem
686 549 861 630 exstruxit,
891 565 972 628 quae
998 549 1069 628 equi
1089 545 1213 610 nomine

122 646 248 708 turris
270 645 458 708 Alehzee
478 651 703 729 appellabatur.
745 654 875 718 Arabes
894 652 1054 714 dixerunt:
1081 655 1106 718 b·
1132 679 1212 751 0⁸⁴?

124 772 209 838 basii
225 797 256 857 xp
270 774 361 858 vab
385 772 538 852 ”Quando
559 795 630 836 eum
653 794 752 858 equus
771 775 898 840 Alobze
917 778 1091 860 appellatus
1113 773 1215 836 addu-

122 903 170 964 xit
182 900 239 986 ¹),n
260 923 343 987 quae
355 907 455 969 verbe
469 907 519 968 ois'
531 917 646 988 postea
658 909 824 990 proverbio
840 917 938 974 erent.
959 909 1097 992 Regino,
1121 925 1218 989 quum

121 1009 363 1091 Djadsimalium
378 1014 589 1078 introductum
603 1008 839 1099 conspexisset,
861 1034 995 1097 corpore
1007 1015 1123 1078 nudato
1146 1031 1216 1076 eum

122 1119 173 1181 his
196 1120 305 1183 verbis
327 1124 464 1185 allocuta
486 1132 553 1186 est:
579 1137 647 1220 :55³⁸
672 1155 764 1223 w?
787 1125 864 1209 esici
895 1125 1008 1187 ”Num
1022 1143 1093 1186 mos
1115 1141 1219 1204 spone

122 1264 181 1307 see
201 1245 295 1309 vides
305 1243 342 1310 ‘in
366 1246 444 1328 (sed
467 1247 505 1312 C.
527 1251 620 1334 ΧΙΙΙ,
634 1251 692 1328 db.
715 1259 747 1312 et
767 1251 798 1312 in
827 1271 922 1332 opere
943 1247 1217 1317 Scheref-Aldini

111 1355 203 1458 Μ
226 1374 320 1416 onum
341 1364 502 1416 ornetumc
526 1355 678 1439 legitur),
707 1373 789 1437 quac
814 1349 917 1419 verbe
941 1367 1057 1454 postea
1082 1356 1113 1417 in
1139 1376 1216 1436 pro-

121 1476 223 1537 verbii
260 1476 521 1540 cousuetudinem
557 1487 724 1541 venerunt.
780 1479 1006 1561 Djedsimehus
1040 1478 1216 1566 respondit:
1270 1562 1273 1573 1
1318 1483 1319 1486 ’

122 1584 183 1682 5)
203 1593 276 1681 pst
301 1583 361 1685 μὶ,
388 1583 476 1682 55³3!
502 1598 599 1674 υἱῷ,
628 1587 740 1676 &Mi
766 1589 816 1693 bb
845 1586 918 1649 „Ad
946 1589 1111 1651 terminum
1141 1607 1217 1671 per-

122 1706 223 1789 venit,
246 1713 279 1768 et
299 1706 389 1770 sicce
410 1708 516 1770 evasit
535 1709 662 1773 humide
677 1718 772 1793 terre,
786 1721 820 1773 et
837 1711 989 1793 perfidiae
1003 1732 1070 1774 rem
1091 1710 1216 1774 videon:

125 1813 217 1892 Quae
245 1815 346 1877 verba
372 1814 404 1876 in
431 1817 633 1896 proverbium
661 1829 836 1880 cesserunt.
878 1819 961 1880 'l'um
987 1820 1091 1881 ebrius
1111 1819 1218 1882 factus

123 1921 232 1982 incisis
254 1920 286 1982 in
308 1929 440 1984 externa
461 1941 554 1985 manu
575 1925 668 1985 venis
695 1925 821 1987 occisus
843 1933 911 2010 est,
933 1945 996 1988 non
1018 1926 1101 1990 enim
1122 1926 1233 1999 moris

125 2037 193 2090 eret
213 2029 276 2091 isto
300 2036 459 2114 tempore,
484 2040 518 2092 ut
538 2051 596 2093 rex
617 2032 697 2094 collo
719 2039 883 2113 amputato
906 2032 1111 2096 occideretur.
1146 2032 1218 2098 Re-

124 2139 176 2219 gis
197 2136 387 2219 sanguinem
410 2137 439 2198 in
462 2156 591 2199 aureum
612 2156 674 2200 ves
696 2138 906 2222 excipiebant.
936 2137 1039 2202 Gutta
1054 2140 1218 2224 sanguinis

124 2245 154 2305 in
184 2252 300 2307 terrem
334 2243 499 2307 decidente
533 2247 645 2328 regine
682 2244 775 2308 dixit:
813 2247 886 2308 „Ne
917 2247 1005 2330 regis
1033 2248 1220 2329 sanguinem

125 2344 282 2432 perditcio
305 2353 429 2442 Atrox
450 2351 512 2413 iste
532 2352 633 2414 verbe
649 2351 781 2414 audiens
797 2351 893 2413 dixit:
914 2355 977 2421 :tsi
990 2375 1077 2420 mo
1091 2354 1136 2418 be
1150 2355 1220 2445 ip:

128 2479 251 2540 „Sinite
272 2477 471 2561 sanguinem,
495 2494 588 2556 quem
609 2493 691 2556 gens
712 2495 771 2539 sue
791 2474 954 2556 perdidit«
993 2477 1073 2556 Quae
1094 2495 1220 2559 quoque

126 2586 224 2647 verbe
243 2585 275 2647 in
296 2583 455 2666 proverbii
476 2582 740 2645 consuetudinem
759 2593 925 2648 venerunt.
954 2584 1092 2646 Kezirus
1113 2593 1220 2647 autem

127 2693 240 2755 tribum
260 2691 440 2773 relinquens
461 2690 514 2752 ubi
537 2708 641 2772 equus
662 2690 856 2776 prociderat,
878 2691 921 2754 ed
941 2691 1118 2754 Ahmruum
1139 2693 1221 2753 beu-

127 2803 462 2886 ohdajj‚2quir1irae
490 2809 575 2882 eret,
602 2801 745 2864 occessit
766 2801 894 2865 dicens:
922 2803 1027 2864 „Num
1047 2803 1220 2866 vindictam

127 2907 282 2976 sumes‘do
305 2910 346 2973 od
368 2928 450 2991 quae
471 2909 572 2971 verbe
592 2909 754 2972 Ahmruus
776 2910 955 2991 respondit:
974 2911 1050 3008 fib„
1075 2913 1146 3015 „dm
1170 2917 1220 2997 (pp

129 3040 279 3102 „Minime
304 3037 471 3098 vindicans
503 3044 555 3098 est
582 3035 811 3117 proficiscensn
841 3037 978 3099 Kazirus
1009 3045 1114 3100 autem
1140 3055 1222 3117 pace

128 3147 303 3229 composita
316 3145 578 3206 interAhmruum
590 3143 788 3226 ben-Obdejj
801 3154 833 3206 ot
841 3143 1222 3208 Ahmruumbcn-Ahbd-

127 3255 256 3336 Aldjinn
277 3273 316 3315 ea
337 3251 529 3335 conditione,
552 3259 588 3313 ut
608 3250 660 3313 hic
681 3251 723 3312 illi
743 3253 930 3333 obsequium
957 3260 1153 3337 praestaret,
1182 3252 1222 3314 ad

126 3362 298 3426 vindictam
309 3359 498 3422 sumendam
513 3377 623 3441 regem
638 3359 787 3421 incitavit.
809 3361 925 3448 illese
947 3377 1107 3423 excusans
1129 3360 1222 3422 dixit:

117 3461 271 3562 ,ᾈψϋὶε
282 3506 325 3554 0⁴
334 3470 401 3574 θεῖ
417 3491 461 3556 9,
470 3468 599 3550 ”Mogis
611 3466 778 3530 inaccessa
793 3476 856 3552 est,
870 3487 962 3550 quom
976 3469 1083 3551 aquilo
1094 3487 1221 3549 euraec,

129 3617 210 3679 quac
222 3597 322 3658 verba
335 3598 364 3657 iu
386 3596 545 3678 proverbii
558 3595 820 3657 cousuetudinem
833 3605 998 3658 venerunt.
1025 3594 1134 3658 Sahbu
1147 3593 1223 3656 viu-

130 3705 245 3767 dictam
265 3713 411 3778 metuens
431 3703 595 3765 latibulum
617 3702 677 3764 sibi
703 3703 827 3783 paravit
834 3746 844 3783 ,
872 3721 929 3782 per
959 3699 1043 3784 quod
1064 3701 1094 3760 in
1115 3695 1224 3761 arcem

129 3815 160 3875 in
181 3812 293 3895 oppido
315 3813 408 3874 sitem
422 3813 575 3894 aufugere
596 3818 716 3892 posset.
738 3811 898 3874 Pictorem
913 3829 1040 3892 quoque
1053 3827 1131 3872 suae
1145 3807 1224 3872 ortis

149 4111 178 4170 l)
195 4115 226 4164 in
243 4108 377 4163 codicibus
396 4111 497 4162 duobus
513 4113 585 4176 loco
598 4108 672 4160 vocis
696 4122 778 4196 03>
801 4115 847 4160 eut
865 4101 935 4193 ἄῤ
957 4113 1004 4160 aut
1019 4119 1090 4190 j>
1110 4107 1224 4174 legitur,

196 4223 226 4270 ut
243 4231 339 4270 sensus
355 4219 389 4268 sit
408 4215 547 4283 „Nuntius
564 4227 642 4278 quem
660 4226 743 4276 equus
761 4213 863 4265 Aiolou:
884 4209 983 4262 adtulit
995 4211 1059 4286 out
1080 4208 1224 4274 Optimum,

198 4314 269 4375 quod
286 4324 370 4375 equus
387 4309 490 4360 Atobzo
506 4302 628 4361 attulit.“
