3044 4938
176 539 238 612 46.
290 499 426 636 Quieta
451 537 510 627 sis,
535 560 559 610 ο
583 537 765 636 inquieta!

261 691 311 750 De
331 691 461 750 muliere
482 689 513 749 in
535 687 679 750 domibus
699 688 805 769 gentis
833 685 1032 748 discurrente
1069 681 1270 764 proverbium

178 795 289 858 dicitur
304 804 336 858 et
354 797 387 857 in
409 795 567 858 hominem
584 788 671 859 ha'ud
684 801 882 857 constantem
897 800 929 854 ct
944 789 1090 854 mobilem
1098 790 1270 852 adhibetur.

301 943 898 1138 &effeti-335*
937 950 1055 1130 {⁹3³
1122 995 1174 1082 n

178 1189 237 1262 47.
292 1189 349 1259 De
374 1129 610 1264 Almoaiirdio
637 1188 727 1261 elios
754 1126 1041 1260 audii-{melius
1068 1198 1132 1274 est,
1159 1209 1272 1285 quam

292 1335 376 1385 eum
399 1310 539 1385 ridere.

262 1437 398 1502 Diverso
420 1439 621 1519 proverbium
642 1437 736 1502 modo
756 1439 872 1520 legitur
882 1443 957 1536 5⁴⁵
970 1432 1113 1526 &oppilo
1120 1463 1209 1538 &aa
1222 1427 1273 1532 ob

180 1570 234 1623 aut
258 1575 350 1666 ἐμὲ
374 1575 412 1662 ,71
439 1572 494 1625 aut
513 1575 567 1662 dja·
593 1568 633 1664 Oi
659 1561 679 1629 b
704 1563 849 1654 ,5de
875 1576 986 1668 ξω·
1026 1559 1274 1625 Praeferendum

180 1698 285 1751 autem
314 1690 439 1754 videtur
466 1705 606 1794 emt·
631 1695 690 1792 Ut.
734 1691 864 1775 Virum,
895 1691 1073 1752 rumoribus
1103 1689 1143 1750 de
1171 1683 1275 1749 eoad

181 1833 239 1876 nos
261 1817 409 1898 perlatis,
432 1819 591 1881 meliorem
620 1818 712 1878 nobis
740 1816 862 1898 videri,
891 1835 985 1897 quam
1015 1835 1110 1896 quum
1141 1811 1274 1874 eundem

180 1921 278 1984 ocuiis
310 1923 482 1986 viderimus
487 1968 500 2009 ,
536 1925 738 2005 proverbium
767 1923 924 2006 designat.
965 1921 1131 1986 Proverbii
1165 1926 1275 1980 auctor

177 2031 399 2093 Almondsirus
413 2033 699 2110 ‚ben-Mbi-ssema
721 2031 823 2095 fuisse
844 2031 984 2095 traditur.
1018 2026 1275 2091 Almofadhdhe-

177 2140 226 2200 lus
256 2159 298 2202 ex
331 2160 419 2202 more
448 2159 506 2204 suo
540 2143 670 2226 longam
698 2141 863 2204 historiam
897 2140 1023 2221 adtulit,
1056 2157 1149 2219 quom
1178 2154 1275 2219 quum

178 2267 288 2328 parum
310 2248 409 2310 faciat
430 2248 470 2310 ad
485 2249 710 2329 explicandum
725 2250 938 2332 proverbium,
960 2247 1088 2308 brevius
1110 2242 1275 2323 descripsi.

180 2355 380 2418 Cobaischus
402 2357 598 2439 ben-Djabir
618 2359 717 2420 frater
737 2357 911 2420 Dhamrahi
932 2352 1135 2436 ben-Djabir,
1163 2350 1214 2431 qui
1235 2347 1277 2413 ad

180 2473 311 2545 gentem
333 2466 613 2530 Banu-Nehschal
633 2467 828 2548 pertinebat,
856 2485 928 2529 cum
949 2482 1048 2526 serva
1068 2457 1278 2538 Roschej-

176 2569 250 2650 jah
279 2572 456 2652 appellata,
485 2592 505 2635 a
533 2574 693 2636 Soraruho
716 2573 911 2637 ben-Abdus
934 2593 952 2634 e
974 2579 1073 2655 gente
1094 2568 1278 2630 Alrufai-

183 2675 253 2738 dat
275 2678 404 2757 captiva
428 2677 584 2765 abducta,
615 2700 680 2741 rem
702 2681 939 2763 habuerat,'ut
960 2665 1025 2740 tres
1048 2679 1077 2738 ei
1098 2676 1151 2736 filii
1172 2657 1278 2736 Ann-

181 2803 271 2868 ruus,
293 2785 487 2848 Dsowaibus
511 2795 543 2848 et
564 2789 744 2871 Borgutsus
766 2809 808 2850 ex
830 2809 869 2850 ea
889 2795 1107 2849 nascerentur.
1149 2784 1278 2845 Mortuo

181 2903 288 2955 autem
311 2887 493 2955 Cobaischo
515 2894 672 2955 Lakithus
701 2895 925 2959 ben-Sorarah
952 2911 1080 2956 servam
1110 2909 1181 2953 cum
1207 2887 1279 2952 filiis

181 2999 224 3061 ad
246 2999 474 3086 Dhamrahum,
497 3002 548 3062 cui
568 3002 712 3063 inimicus
734 3012 814 3083 erat,
837 2989 993 3066 accedere
1008 3001 1110 3082 iussit,
1129 2998 1280 3080 sperabat

181 3108 264 3168 enim
286 3107 365 3192 fore,
389 3115 422 3168 ut
445 3108 625 3169 existere
647 3129 824 3171 moerorem
846 3111 1035 3190 conciperet.
1077 3103 1279 3168 Dhamrahus

182 3233 202 3275 a
224 3231 332 3297 serva,
355 3214 437 3276 filios
458 3213 565 3277 fratris
588 3235 677 3299 esse,
707 3218 822 3278 certior
844 3217 959 3302 factus,
982 3217 1064 3278 illam
1085 3211 1127 3276 ad
1148 3191 1280 3297 gentem

182 3339 273 3384 suam
300 3320 402 3383 redire
431 3322 542 3406 iussit,
578 3323 638 3384 hos
664 3323 747 3404 apud
774 3343 811 3386 se
832 3325 966 3386 retinuit.
1007 3319 1207 3401 Sorarahus,
1229 3316 1280 3379 vir

175 3430 266 3490 'mitis
295 3430 406 3512 animi,
440 3430 503 3492 hac
525 3429 572 3490 ¹de
601 3448 702 3492 causa
729 3450 786 3511 per
814 3438 937 3512 septem
965 3442 1115 3490 armorum
1143 3427 1280 3508 spatium

182 3538 348 3616 quotannis
370 3536 411 3599 ad
433 3539 528 3600 istam
550 3547 699 3620 gentem,
727 3548 762 3601 ut
783 3540 870 3601 filios.
885 3547 1085 3620 reposceret,
1116 3535 1280 3616 profectus

181 3645 304 3706 nonnisi
321 3646 481 3726 repulsam
495 3645 629 3720 ferebat.
658 3649 787 3712 Mortuo
800 3645 961 3712 Sorarabo
976 3643 1178 3711 Dhamrshus
1195 3658 1279 3721 geue·

182 3761 247 3813 tem
276 3769 389 3833 suam,
421 3762 456 3816 ut
483 3754 566 3817 filios
595 3755 779 3838 redderent,
810 3773 1014 3817 commovere
1041 3749 1162 3814 studuit
1188 3755 1220 3808 et
1247 3753 1281 3807 ut

182 3861 305 3941 pignori
321 3861 402 3924 filios
426 3882 516 3947 suos,
539 3862 640 3925 donec
663 3865 703 3925 illi
725 3863 837 3925 redditi
859 3870 980 3946 esseut,
1002 3861 1172 3939 mitterent,
1195 3877 1280 3918 uxo-

181 3969 267 4031 ribus
290 3972 357 4032 suis
379 3970 471 4032 dixit:
501 3973 589 4056 k>Sati
621 3971 731 4060 „Q
757 3975 862 4056 „At
889 3979 961 4072 σθ
990 3973 1110 4048 astate,
1142 3963 1281 4027 dividam

183 4096 263 4156 inter
284 4113 346 4156 vos
369 4096 564 4162 orbitatemo
599 4098 727 4160 Uxores
750 4098 817 4157 eius
839 4102 940 4158 erent:
970 4089 1076 4151 Hinde
1098 4090 1162 4150 filia
1186 4085 1281 4150 Carbi

185 4201 426 4286 ben-Zafwan,
457 4202 634 4266 Chelaidah
662 4223 680 4263 e
706 4213 803 4286 gente
832 4197 914 4279 Ihdjl
936 4195 1081 4280 oriunda,
1112 4197 1281 4278 captivae

183 4315 280 4389 gente
301 4308 533 4372 Ahbd-Alkais
556 4321 590 4372 et
611 4312 740 4393 captiva
764 4331 782 4370 e
803 4316 901 4393 gente
922 4304 1032 4368 Aldsd.
1072 4302 1281 4384 Chelaidaha,
