2970 4946
609 319 612 324 .
736 371 780 385 ...
819 333 882 400 m
922 369 963 384 .-

310 517 385 584 dcit
426 521 499 588 Rex
526 521 687 586 summm
714 519 870 585 Mondsiri
895 519 980 584 illius
1005 517 1101 597 lirani
1128 533 1188 581 suo
1222 516 1393 600 Kehltuso,

310 649 404 712 quern
423 631 456 692 in
478 649 579 713 regno
605 613 828 692 successorem
855 629 914 692 siti
936 628 1087 712 elegerat,
1114 626 1395 691 Motolanrnresum

301 748 343 802 ·et
369 737 540 803 Theraiarn
576 745 750 819 perpetuos
782 737 890 798 socios
923 744 957 798 et
989 737 1132 798 comites*
1156 734 1285 798 addidit
1334 737 1396 797 Die

310 846 448 930 quodam
474 846 646 909 Kahbusus
675 853 816 907 venatus
850 853 937 926 erat,
973 851 1010 906 ut
1047 851 1185 924 vespero
1221 844 1301 905 socii
1333 843 1396 906 duo

309 955 513 1018 vehementer
532 953 656 1037 fatigati
675 952 820 1017 redirent
854 951 991 1013 Postero
1014 951 1140 1013 iuvenis
1160 951 1335 1014 Kahbusus
1356 951 1396 1013 ad

308 1081 478 1144 vesperam
504 1080 608 1144 usque
633 1061 708 1124 vino
736 1060 935 1146 indulgebat,
971 1067 1004 1121 et
1030 1059 1115 1122 nulla
1140 1059 1237 1122 sociis
1259 1059 1396 1122 intrmdi

308 1173 404 1235 venia
425 1170 566 1233 dabatur.
607 1171 728 1232 Postea
755 1186 850 1249 quum
877 1185 935 1248 per
963 1177 1064 1230 totum
1094 1167 1176 1229 diem
1204 1166 1245 1230 ad
1271 1177 1395 1249 portam

309 1280 490 1363 stetissent,
518 1276 659 1340 'l'haraia
683 1275 788 1338 taedio
809 1292 1011 1368 magnopere
1024 1275 1182 1360 allectus,
1204 1295 1323 1339 versus
1343 1277 1395 1338 di-

308 1389 366 1467 xit,
389 1387 502 1471 quibus
522 1386 646 1448 iuvenis
668 1383 782 1467 agendi
805 1385 957 1446 rationem
982 1385 1187 1464 vituperaret.
1230 1384 1293 1463 Qui
1314 1405 1394 1446 ver-

309 1513 367 1559 sus
393 1495 433 1557 ab
454 1491 713 1557 Ahbd·Ahmruo
740 1491 902 1568 'l'harolae
934 1492 1058 1553 inimico
1093 1490 1134 1553 ad
1160 1511 1271 1574 regern
1299 1494 1395 1555 delati

307 1604 393 1668 hunc
416 1611 504 1666 tanto
531 1602 563 1664 in
591 1611 756 1682 utrumque
785 1599 856 1662 odio
884 1599 1111 1683 impleverunt,
1142 1608 1177 1662 ut
1204 1619 1263 1661 eos
1289 1599 1396 1663 delere

308 1718 473 1774 statueret.
515 1710 644 1772 'l'irneus
665 1715 789 1790 autem,
812 1727 853 1769 ne
874 1705 927 1769 res
948 1705 1182 1789 divulgaretur,
1204 1715 1237 1770 et
1257 1707 1301 1769 issi
1321 1728 1396 1770 mo-

307 1820 363 1882 niti
388 1819 596 1902 aufugerent,
624 1834 664 1880 se
688 1817 795 1880 relatis
822 1815 917 1878 iidem
945 1833 1008 1877 non
1033 1815 1151 1876 habere
1172 1815 1395 1878 dissimulavit.

307 1928 422 2009 Aliquo
443 1935 587 2006 tempore
607 1933 681 2006 post
700 1933 880 2008 utrumque,
900 1943 972 1986 num
993 1924 1133 1986 fortasse
1153 1924 1231 2004 ipsis
1253 1923 1294 1986 ad
1314 1943 1394 1988 suos

307 2031 458 2095 redeundi
479 2031 669 2094 desiderium
690 2039 788 2112 esset,
810 2031 1028 2114 interrogavit
1069 2030 1334 2113 Responderunt,
1356 2052 1395 2096 se

306 2158 439 2204 suorum
460 2138 650 2204 desidorium
671 2139 796 2202 habere.
839 2139 974 2220 Scripsit
994 2140 1091 2222 igitur
1115 2141 1188 2222 illis,
1210 2139 1333 2221 dicens,
1357 2161 1396 2204 se

306 2247 459 2312 donorum
478 2249 599 2310 iussum
620 2245 788 2330 daturum,
816 2247 938 2310 litteras
965 2246 1006 2310 ad
1025 2248 1259 2312 Abu-Carbum
1280 2249 1396 2330 Hadjri

305 2356 521 2438 praefectum,
545 2354 672 2437 quibus,
694 2363 728 2416 ut
749 2372 805 2416 eos
827 2354 1013 2440 trucidaret,
1035 2356 1077 2418 illi
1098 2356 1321 2436 imperaverat,
1357 2361 1394 2420 ln

305 2465 361 2526 via
390 2483 485 2546 quum
512 2464 759 2526 lllotalarnmeso
791 2461 946 2544 quaedam
978 2465 1115 2543 suspicio
1144 2465 1308 2548 venisset,
1339 2466 1394 2529 lit-

306 2582 393 2636 teras
420 2590 497 2635 suas
530 2590 626 2634 servo
658 2570 812 2656 legendas
847 2569 932 2633 dedit
965 2583 997 2633 et
1033 2570 1072 2632 de
1103 2559 1242 2654 periculo
1278 2577 1393 2636 certior

305 2678 410 2742 factus
430 2680 460 2741 in
485 2681 612 2764 Syriam
638 2680 771 2762 aufugit.
814 2676 1013 2740 Tharaiohus
1038 2687 1160 2746 autem.
1188 2681 1282 2742 amici
1310 2700 1392 2743 con-

305 2787 375 2850 silio
396 2794 503 2868 spreto
526 2787 690 2868 epistolam
711 2786 840 2849 tradens
865 2787 992 2848 occisus
1020 2795 1080 2848 est.
1123 2788 1181 2851 Sic
1199 2777 1393 2852 Alrnoladh-

261 2899 263 2909 ’
305 2893 417 2957 dhelus
440 2915 506 2960 rem
528 2895 676 2957 narravit.
715 2893 813 2957 Modo
836 2881 942 2956 autem
963 2896 1096 2958 multum
1118 2896 1245 2958 diverso
1269 2897 1394 2960 0hbai-

305 3001 363 3063 dus
392 3002 577 3064 Alahaclrae
603 3003 821 3064 auctoritatem
853 3020 992 3082 sequens
1028 3022 1095 3104 rem
1129 3002 1275 3087 tradidit,
1311 3005 1394 3070 coni.

304 3107 444 3170 Vullers.
469 3127 499 3191 p.
525 3111 555 3171 8
596 3109 840 3171 Proverbium
832 3127 862 3172 rn
889 3128 963 3172 eum
989 3083 1119 3192 dicitur,
1148 3112 1201 3193 qui
1226 3110 1310 3221 falsa
1334 3131 1394 3193 ape

305 3213 492 3278 seductus
483 3235 515 3276 rn
533 3215 693 3278 interitum
713 3218 808 3279 irruit

572 3346 1032 3543 pdnpffipbaambo
1104 3405 1148 3484 rt
1268 3345 1272 3354 μ

306 3611 364 3681 32.
413 3606 561 3684 Ventris
587 3607 643 3678 sui
670 3631 833 3708 passeres
861 3606 1081 3686 clamarunt.

384 3759 434 3820 ne
450 3721 612 3819 'esuriente
634 3754 753 3820 orcitus.
779 3759 871 3823 Cont
895 3760 931 3822 c.
952 3761 1063 3842 xxv,
1086 3761 1136 3824 sa.

305 4131 361 4200 33.
412 4123 555 4200 Surdus
580 4065 657 4202 non
685 4127 788 4204 audit
820 4127 856 4202 id
892 4128 997 4232 quod
1030 4131 1063 4204 ei
1091 4128 1283 4233 displicet,
1317 4157 1393 4204 ou-

411 4251 493 4324 ditu
519 4251 655 4328 valens.
