2986 4930
102 760 162 830 39.
211 758 361 840 Bonum
385 781 545 857 parvum
570 771 607 827 et
632 780 691 828 me
716 756 918 854 ignominia
946 755 1061 830 affeci.

183 882 292 943 Verba
313 879 412 963 haec,
440 880 549 961 quibus
569 889 704 944 metrum
726 879 821 944 Sarih
841 892 909 966 est,
930 881 1041 959 (Gouf.
1062 883 1081 944 l.
1101 901 1141 945 m.
1162 901 1192 962 p.

99 988 180 1068 246)
222 987 373 1050 b'akiram
406 1005 538 1049 uxorem
569 987 700 1050 Merrae
727 988 913 1051 Alasaditae
946 989 1051 1052 ferunt
1072 989 1193 1052 dixisse

99 1097 330 1179 poenitentem,
360 1093 443 1176 quod
471 1095 605 1157 absente
633 1095 747 1158 marito
775 1113 872 1159 servo
899 1099 1041 1178 corporis
1060 1097 1193 1179 suipe-

101 1210 254 1264 testatem
276 1201 505 1264 concessisset.

397 1336 528 1526 ab
558 1405 660 1523 a<
691 1307 817 1529 [ῥ’
887 1383 926 1468 ¹²·

99 1570 160 1644 40.
210 1558 465 1668 strangulatio
490 1547 689 1671 pecuniam
713 1567 825 1643 elicit·

183 1698 219 1759 ln
240 1696 440 1782 creditorem,
459 1697 524 1779 eui,
546 1695 631 1778 quod
653 1694 827 1761 debitorem
846 1705 952 1781 urget,
975 1693 1110 1762 debitum
1125 1701 1194 1762 sol-

100 1807 203 1889 vitur,
225 1805 394 1886 proverbio
415 1811 553 1866 utuntur.

101 2173 160 2245 41.
189 2173 339 2273 Optima
365 2169 523 2245 hominis
549 2168 692 2244 indoles
715 2186 779 2266 est,
805 2167 971 2271 linguam
994 2173 1193 2250 custodire.

184 2297 358 2361 Proverbio
379 2297 443 2360 hoe
464 2297 620 2359 silentium
643 2297 890 2360 commendatur.

424 2459 559 2589 *oeli
593 2501 680 2618 Z,a
714 2465 795 2562 ak
864 2475 909 2563 ll

104 2663 163 2736 la.
215 2664 303 2740 S'me
327 2689 423 2755 eum,
450 2665 558 2736 abeat
583 2661 697 2737 modo
721 2660 895 2736 lacertae.

187 2799 222 2858 ln
244 2797 347 2861 virum
367 2798 496 2881 dicitur,
524 2798 555 2860 in
577 2815 638 2879 quo
659 2795 857 2858 alienationis
878 2796 973 2878 signa
994 2799 1196 2881 conspiciun-

105 2912 165 2966 tur.
197 2905 357 2970 Suffixum
383 2937 397 2972 a
423 2907 564 2968 referunt
591 2903 633 2967 ad
653 2903 764 2966 virum.
785 2904 804 2965 i.
826 2922 854 2964 e.
891 2905 972 2968 Sine
992 2925 1081 2988 eum,
1103 2909 1197 2970 abcat

106 3003 136 3066 iu
151 3004 311 3069 latibulum
331 3025 433 3069 suum.
461 3006 527 3068 Alii
538 3005 628 3068 aliter
646 3003 849 3087 proverbium
863 3007 1032 3089 explicant.
1058 3010 1197 3070 Lacerta

105 3119 213 3173 autem
234 3111 393 3196 gradatim
414 3111 568 3196 effossum
588 3112 648 3174 sibi
668 3112 824 3173 iustruere
842 3116 925 3176 solet
946 3095 1118 3200 latibulum,
1134 3133 1197 3178 una

105 3220 174 3282 eius
194 3231 286 3301 parte
307 3221 366 3283 sub
383 3221 483 3284 altera
499 3221 613 3301 posita.
648 3218 745 3298 Quod
766 3219 795 3281 si
811 3220 917 3306 intrat,
939 3242 1002 3284 non
1023 3223 1196 3305 attingitur.

106 3327 140 3389 Si
162 3328 225 3390 hoc
246 3327 397 3412 admittis,
423 3328 528 3390 littera
547 3357 561 3393 a
582 3326 685 3389 otiosa
706 3333 773 3409 est,
795 3335 831 3388 ut
854 3331 957 3396 ὼ
978 3329 1020 3392 sit
1039 3349 1097 3411 pro
1115 3335 1197 3416 μ

106 3453 203 3541 ,μη
229 3505 255 3570 ὅ
263 3471 311 3557 ,a
356 3455 454 3516 „Sine
476 3453 580 3534 viam,
608 3472 670 3534 qua
689 3451 847 3536 gradatim
867 3453 962 3516 intrat
982 3454 1014 3515 in
1034 3456 1196 3523 latibulum

106 3579 242 3642 lacerta«
265 3579 285 3640 i.
306 3600 334 3641 e.
373 3578 427 3642 Ne
448 3594 520 3638 cam
540 3575 661 3637 frustra
682 3594 827 3657 quaeras.
869 3577 914 3640 Ut
931 3578 1094 3658 lacertam,
1116 3595 1197 3656 quae

106 3687 137 3747 iu
164 3687 324 3748 latibulum
354 3700 448 3745 suum
476 3681 625 3762 ingressa
650 3690 720 3765 est,
754 3701 817 3744 uon
844 3682 1009 3763 invenies,
1040 3682 1090 3743 sic
1118 3682 1197 3742 illius

106 3793 166 3855 viri
184 3793 303 3854 amoris
324 3790 486 3871 particeps
509 3807 571 3850 nou
597 3789 670 3851 eris.
719 3790 782 3852 Alii
810 3790 841 3852 in
867 3790 918 3851 his
944 3788 1053 3850 verbis
1080 3807 1198 3870 perpe-

106 3901 226 3963 tuitatis
247 3898 514 3982 significationem
536 3914 610 3958 csse
632 3896 749 3982 dicunt,
771 3904 806 3958 ut
827 3897 875 3958 sie
896 3892 1119 3976 explicandum
1140 3894 1197 3958 sit:

107 4007 204 4094 wll
219 4023 291 4122 a,a
312 4004 337 4071 l.
353 4007 419 4072 ab
446 4005 635 4086 asinaeum,
653 4003 802 4087 quamdiu
817 4005 938 4066 lacerta
954 3999 1116 4084 graditure
1138 4001 1157 4062 i.
1172 4020 1201 4064 e.

108 4149 243 4212 seraper.
259 4132 278 4192 i.
293 4150 321 4192 e.
342 4130 440 4194 Viam
453 4130 483 4192 ei
496 4131 682 4212 patefacias,
704 4147 766 4192 noc
779 4136 854 4192 ante
867 4126 967 4207 pedes
986 4134 1058 4190 tuos
1072 4126 1201 4204 incedat

109 4248 142 4302 et
169 4258 207 4301 se
236 4237 332 4301 iullet.
380 4241 426 4304 Ut
458 4237 574 4300 malum
601 4236 783 4319 fugiamus,
820 4233 1020 4314 proverbium
1047 4233 1201 4298 bortatur.

958 4370 1006 4440 29
