3026 4942
691 339 919 410 ’,ιω-

257 545 321 596 tum
335 533 491 616 syilebem
502 535 631 614 longum
646 553 696 594 ex.
712 551 760 615 gr.
774 550 890 597 venem
909 537 933 614 ρ,
952 541 1028 614 post
1045 533 1201 618 'rt->boii
1224 532 1351 614 iuuene,

256 677 369 722 versus
391 665 442 720 est
463 657 553 719 metri
573 655 674 719 Wef
677 656 710 718 ir
730 657 887 738 appellati.
908 659 994 720 eonf:
1012 661 1031 720 l.
1053 675 1081 719 e.
1102 678 1132 740 p.
1153 657 1224 721 204.

538 813 661 999 &Ui
688 849 822 974 nm,
855 825 939 963 ‘etit
1011 868 1071 948 tn

257 1054 341 1126 295.
389 1049 485 1122 Cau
531 987 749 1150 ‹nrg‘arit'am
775 1045 891 1121 salsae
918 985 1054 1150 :quael

334 1200 510 1284 Margaritt
529 1201 638 1262 selsee
659 1215 763 1280 equee
781 1196 899 1260 femine
925 1198 1057 1279 puchra
1084 1207 1228 1282 egente
1253 1200 1349 1280 igno-

254 1309 305 1370 bili
327 1310 480 1391 originem
502 1307 623 1369 dueens
644 1305 849 1398 significatur.

467 1485 917 1677 1321}wassss
954 1501 1008 1700 tit
1077 1541 1133 1624 ut

252 1754 335 1828 996.
388 1749 516 1840 Quum
542 1744 726 1819 trahendo
753 1745 948 1820 contendit
980 1774 1067 1821 cum
1095 1775 1140 1822 eo
1165 1752 1236 1852 ipsi
1261 1779 1347 1827 con·

388 1878 527 1964 iuncta,
554 1898 636 1946 eam
661 1874 790 1946 vincit.

333 2026 553 2108 Proverffium,
569 2025 629 2086 nisi
647 2023 748 2108 fallor,
769 2007 932 2087 nnemelis
946 2025 1127 2088 desumturn
1149 2037 1218 2090 est..
1251 2029 1348 2092 Adli-

254 2144 349 2218 getur
370 2133 492 2195 ‘cemele
514 2131 650 2193 difficilis
670 2131 747 2193 fune
770 2148 842 2193 eum
864 2132 963 2192 altero
985 2133 1129 2213 robusto,
1151 2145 1186 2197 ut
1200 2155 1256 2216 per
1275 2156 1349 2199 eum

253 2243 407 2305 dometur.
460 2239 615 2321 Adligate
646 2246 754 2300 eutem
789 2237 876 2299 initio
912 2238 1043 2302 multum
1077 2240 1202 2302 trahere
1238 2242 1349 2305 funem

250 2353 352 2433 solet,
381 2349 483 2412 donec
504 2369 524 2411 a
544 2347 676 2413 robusto
697 2347 788 2408 victe
810 2345 917 2427 quiete
938 2345 982 2409 fit.
1025 2349 1062 2408 In
1082 2349 1227 2412 homines
1249 2352 1349 2435 igitur

250 2459 403 2520 translata
423 2457 524 2519 verbe
544 2457 645 2519 virum
661 2457 775 2519 fortem
793 2453 972 2536 designent.
1002 2455 1098 2517 Hune
1114 2477 1193 2520 vero
1209 2479 1348 2540 prover-

251 2565 302 2627 bio
331 2582 461 2626 sensum
488 2564 597 2625 inesse
624 2572 720 2646 puto,
750 2562 825 2642 quia
846 2561 979 2622 verbum
1006 2565 1111 2646 qut?
1139 2565 1347 2630 trahendo

252 2691 436 2755 eertevit
457 2691 514 2752 vix
536 2690 576 2751 de
598 2690 754 2772 coniuge,
783 2685 885 2768 (quae
911 2706 1037 2771 quoque
1059 2691 1250 2774 significatio
1272 2698 1348 2760 voni

253 2809 339 2898 „233
359 2795 461 2875 inest]
485 2795 546 2858 diei
567 2804 683 2877 potest.

250 3239 335 3310 297.
386 3231 451 3306 Ille
477 3234 633 3333 (equus)
658 3231 770 3305 assilit
795 3236 894 3306 inter
920 3231 1017 3308 duos
1043 3234 1163 3309 funes.

332 3392 383 3453 Ab
406 3410 503 3473 equo,
530 3391 582 3472 qui
604 3387 725 3451 duobus
747 3389 872 3451 funibus
894 3389 934 3452 ab
956 3399 1091 3473 utroque
1113 3392 1213 3454 latere
1234 3403 1346 3458 reten-

250 3509 302 3562 tus
329 3498 361 3559 in
389 3495 492 3558 medio
521 3495 631 3578 currit,
668 3496 699 3556 in
732 3495 907 3578 hominem,
937 3498 989 3577 qui
1016 3498 1056 3558 eb
1085 3511 1218 3580 utroque
1245 3503 1347 3564 latere

251 3615 363 3688 eaptus
392 3612 453 3688 est,
475 3602 670 3664 transfertur.
712 3597 833 3662 Dicitur
855 3600 895 3662 de
917 3621 955 3662 eo
966 3644 976 3683 ‚
1009 3603 1060 3683 qui
1081 3605 1235 3688 utrimque
1257 3605 1345 3670 diffi-

251 3713 417 3780 cuntibus
439 3707 598 3772 obsidetur
620 3716 652 3769 et
673 3726 711 3769 se
732 3707 863 3768 liberum
886 3715 982 3787 putat.

251 4138 335 4210 298.
385 4129 512 4220 Quum
544 4145 586 4228 tu
619 4127 651 4198 ei
677 4123 786 4216 dicis,
819 4124 1008 4230 pondera,
1041 4144 1157 4230 caput
1183 4125 1345 4208 demittit

385 4254 538 4330 affectus
562 4251 721 4328 tristitia.
