2982 4934
569 325 796 388 ..³45..

137 506 325 588 »Interroga
344 505 384 568 da
404 505 496 570 uobis
516 512 653 588 gentem.
667 515 808 571 uestram
829 516 864 569 et
884 506 1101 572 iam·sulfleiat
1112 505 1245 574 malum·

177 615 314 679 audires

135 725 275 788 Metram
296 741 415 788 versus
435 723 562 789 Camil
583 724 776 807 appellatum
797 732 858 790 est.
883 724 977 788 Geni.
1001 726 1021 788 l.
1042 745 1084 790 m.
1106 745 1136 807 p.
1156 726 1228 790 215.

455 871 473 892 0
557 869 576 890 .
641 860 658 892 ο
758 861 803 893 ,ο
932 867 934 870 -

440 889 601 989 &tili
635 932 702 1050 αα
741 890 846 986 [im
918 911 946 991 ll
1039 985 1045 994 .

138 1098 194 1167 tt.
247 1091 401 1166 Custodi
428 1108 465 1167 te
491 1119 514 1165 a
536 1090 697 1168 custode
721 1097 810 1166 tuo!

217 1218 434 1282 Aaeusutivus
463 1215 553 1286 lbi>
581 1219 622 1283 ab
650 1217 770 1282 omisso
797 1215 898 1280 verbo
925 1213 1083 1297 dependet
1110 1238 1162 1282 ex.
1182 1240 1229 1306 gr.

136 1315 208 1480 addi
223 1335 433 1432 permane.
466 1321 633 1386 Proverbii
659 1337 777 1383 sensus
804 1326 872 1380 est:
902 1317 957 1380 Ne
978 1319 1018 1380 ab
1041 1339 1091 1403 eo,
1113 1322 1144 1383 iu
1166 1341 1230 1404 quo

136 1415 159 1479 ll
181 1435 285 1482 uotam
305 1420 410 1506 ponis,
432 1438 568 1486 aeturus
587 1421 642 1484 sis.
674 1418 883 1484 Samaohseh.

476 1529 590 1712 iil?
609 1633 612 1640 ‚
629 1527 797 1679 :lte-'s
869 1581 907 1660 tt

140 1761 196 1833 13.
246 1759 421 1838 Narratio
447 1760 663 1838 Chorafahi.

219 1887 343 1971 Virum,
366 1891 419 1953 eui
442 1909 557 1953 nomeu
586 1887 789 1953 Choralahus
814 1897 924 1972 esset,
956 1888 1075 1972 aliquot
1104 1898 1229 1971 tempus

137 1989 216 2056 inter
237 1993 411 2060 daemones
431 1998 557 2061 vixisse
576 2007 714 2061 nunant.
741 1997 804 2077 Qui
825 2017 922 2080 quum
948 1997 989 2060 ad
1011 2015 1088 2084 suos
1108 1983 1228 2062 rediis-

137 2108 199 2185 set,
222 2104 315 2185 plura
334 2102 375 2168 de
396 2105 602 2168 daemonibus
622 2106 776 2186 narravit,
807 2105 920 2189 quibus
945 2105 1031 2167 nulla
1058 2104 1140 2169 fides
1167 2107 1230 2169 ha-

135 2210 273 2274 beretur.
316 2211 519 2295 Quapropter
537 2231 592 2276 res
606 2211 795 2275 incredibilis
815 2213 954 2277 narratio
973 2212 1147 2276 Chatelahi
1167 2231 1230 2293 ap-

135 2320 319 2400 pellabatur.
362 2321 445 2384 oens.
466 2321 560 2383 llam·
581 2317 828 2385 Samaohsehar.

385 2427 491 2610 {lia
523 2440 592 2562 al
621 2430 709 2572 [a
746 2413 882 2562 :fii
952 2471 988 2558 lt

142 2637 198 2710 14.
247 2631 386 2733 Mulge,
411 2647 449 2706 et
474 2633 540 2705 tibi
566 2630 718 2705 dimidia
741 2635 820 2706 eius
845 2657 941 2732 pars.

220 2758 431 2827 Proverbium
464 2757 506 2821 ad
531 2758 704 2839 petendum
733 2765 768 2820 et
793 2753 1007 2820 adiuvandum
1028 2775 1088 2819 uos
1109 2759 1228 2838 inuitat,

138 2878 173 2933 ut
192 2869 239 2930 rei
260 2866 418 2931 dimidiam
438 2864 615 2948 portionem
628 2865 832 2947 accipiamus.
857 2862 952 2929 lleid.
967 2867 1230 2931 seherus-Aldu.

138 2978 256 3061 Djeuh.

142 3327 197 3396 15.
248 3317 573 3412 Quemadmodum
597 3346 674 3395 una
699 3322 738 3395 in
764 3319 822 3395 ala
846 3325 1002 3424 sagittae
1028 3320 1154 3425 pluma
1180 3321 1231 3394 al-

249 3425 320 3496 teri
346 3419 508 3526 aequalis
534 3436 601 3495 est.

145 3575 147 3584 ⁴
221 3551 259 3616 ld
285 3559 351 3613 est:
392 3550 528 3635 Aequali
561 3546 664 3613 modo.
705 3550 797 3614 Duas
838 3570 893 3615 res
918 3551 1044 3615 omnino
1079 3552 1229 3633 aequales

140 3679 226 3746 esse,
247 3658 447 3743 proverbium
468 3660 593 3724 indicat.
620 3657 742 3723 Eodem
762 3656 861 3724 modo
880 3661 1010 3725 dieitur:
1033 3657 1121 3744 k§.atil
1141 3651 1229 3746 μ’»

138 3783 234 3871 Νι,
256 3794 311 3847 „ut
325 3783 453 3848 ealeeus
467 3783 578 3846 ealoeo
592 3783 724 3865 aequalis
737 3793 816 3847 esta
847 3785 910 3865 Qui
928 3786 1003 3848 voei
1017 3775 1108 3873 ,do
1128 3775 1229 3847 aceu-

140 3909 238 3973 sativi
258 3927 368 3972 easum
394 3909 514 3991 tribuit,
541 3909 569 3971 is
590 3909 725 3973 verbum
750 3901 836 3990 bet.»
856 3907 1062 3992 supplendum
1083 3927 1228 3992 essepu-

141 4043 200 4116 tat;
219 4035 274 4118 qui
293 4033 477 4098 nominativi
497 4049 609 4098 ausum
631 4053 708 4098 esse
724 4036 847 4120 statuit,
870 4037 924 4108 ha
944 4035 1135 4121 subintelligi
1150 4038 1228 4102 vult.
