2996 4928
592 401 632 419 ...
673 368 816 433 539...

97 608 99 613 ,
165 549 220 621 13,
271 547 472 645 Igniarium
500 547 589 650 ligni
615 549 721 625 firmi.

144 751 147 763 .
243 672 361 735 Verbis
381 674 471 738 hisee
491 679 540 739 vir
561 680 773 763 vituperatur,
797 681 842 742 ita
862 690 896 742 ut
916 678 1073 743 vocabulo
1094 691 1154 782 obi·
1175 683 1249 744 viri

162 774 326 934 {agusti
347 776 464 838 animi
493 787 525 840 et
549 782 706 844 vocabulo
733 799 817 882 αμα
844 784 958 844 avari
978 731 1167 868 signifieatio
1189 784 1248 844 tri-

183 881 273 936 uatur

167 1215 222 1290 14.
271 1219 389 1294 Visito
415 1239 595 1320 cognatos
621 1249 743 1308 meos,
771 1241 814 1296 ut
838 1251 898 1298 me
923 1237 1092 1303 noscant.

245 1345 375 1430 Mulier,
398 1367 480 1428 quae
501 1359 657 1432 cognatos
679 1368 756 1413 suos
777 1352 943 1436 visitabat,
967 1364 1000 1416 et
1019 1360 1148 1419 multum
1169 1356 1252 1420 hane

164 1453 203 1515 ob
224 1473 291 1516 rem
313 1457 571 1541 vituperabatur,
592 1459 692 1520 verba
712 1461 774 1521 ista
795 1459 890 1543 dixit,
912 1464 1023 1544 quibus
1051 1464 1251 1546 vituperato-

162 1580 216 1623 res
237 1573 294 1625 aut
316 1562 458 1625 deridere
481 1572 536 1626 aut
560 1573 680 1626 terrere
701 1567 844 1628 voluisse
870 1569 1004 1632 videtur.
1047 1574 1097 1633 De
1125 1591 1163 1633 eo
1191 1569 1253 1634 ad-

162 1669 286 1731 hibetur
315 1671 534 1766 prouerbium,
572 1674 623 1734 cui
649 1681 683 1735 ut
715 1683 863 1759 caveret,
894 1677 1079 1758 imperatur3
1115 1677 1174 1740 sed
1203 1679 1255 1759 qui

163 1777 345 1840 cautionem
366 1798 428 1840 non
450 1778 586 1842 adhibet.
627 1780 681 1842 Ad
699 1789 832 1844 metrum
854 1782 976 1846 Sarih
1004 1785 1115 1847 referri
1135 1793 1253 1867 potest.

165 1885 258 1947 Conf.
280 1886 300 1947 l.
321 1905 361 1948 m.
383 1906 413 1967 p
433 1887 505 1949 246.

379 1999 443 2028 »aa
477 1998 528 2122 o
557 1997 601 2031 o>
647 1997 733 2031 ον’
760 2003 822 2034 eoa
866 1990 975 2034 drot

360 2027 528 2155 [ἠύ
485 2056 603 2189 ft&
637 2032 700 2176 pi>
741 2031 818 2173 [ἡ
856 2037 974 2174 vddji
1045 2055 1077 2134 oi

96 2236 101 2244 '
168 2232 224 2300 15.
275 2229 491 2328 Magnana
516 2233 701 2320 exarsisti3
737 2231 802 2305 sed
827 2232 1029 2307 vindictam
1055 2263 1138 2309 non
1159 2263 1256 2310 sum·

276 2351 364 2421 sisti.

248 2473 416 2537 Vocabulo
438 2485 521 2563 ste,
547 2474 637 2536 hoo'
628 2494 660 2534 111
683 2478 851 2556 proverbio
877 2477 1039 2540 vindictae
1066 2475 1257 2562 significatio

166 2573 331 2637 tribuenda
351 2582 410 2638 ost.
452 2576 489 2636 In
512 2595 583 2638 oum
605 2576 727 2660 dieitur,
752 2596 846 2660 quem
867 2594 945 2658 spes
965 2575 1086 2638 fefellit.

532 2695 626 2878 tsjai
664 2702 794 2902 „obj
868 2757 896 2841 u

169 2945 227 3021 16.
277 2940 383 3014 Adde
408 2944 449 3015 iis
476 2950 625 3042 capras!

227 3069 383 3152 Narrant,
407 3065 572 3132 Caahbum
601 3068 822 3133 ben-Rabiah
851 3070 941 3131 fratri
963 3087 1022 3130 suo
1045 3067 1156 3131 Ciiabo
1175 3068 1257 3130 ben-

165 3175 291 3239 Rabiah
312 3194 448 3239 vaenum
470 3185 603 3257 quatuor
625 3179 728 3258 capris
752 3177 878 3238 emisse.
922 3176 1063 3258 Ciiabus,
1085 3176 1132 3237 sio
1152 3174 1258 3237 refer-

166 3293 218 3346 tur
222 3328 235 3369 7
261 3301 386 3346 vaooao
408 3291 512 3346 emtae
533 3282 688 3366 posticam
710 3292 831 3366 partem
853 3285 976 3346 habena
997 3285 1146 3345 instruxit
1166 3302 1257 3344 eam-

167 3413 239 3477 que,
260 3393 343 3456 faeie
358 3411 418 3455 sua
432 3394 463 3454 in
483 3413 576 3455 anum
591 3394 659 3454 eius
675 3392 805 3477 directa,
822 3392 1008 3456 eonsoendit
1024 3400 1057 3454 et
1074 3391 1117 3454 ad
1129 3410 1258 3454 cursum

166 3500 285 3583 adegit.
342 3500 465 3562 Cursus
503 3509 612 3563 autem
652 3520 775 3563 vaceae
811 3519 907 3582 quum
942 3501 1093 3582 equitanti
1126 3499 1259 3560 mirifice

166 3613 307 3693 placeret
314 3655 326 3693 7
354 3609 418 3671 ista
438 3611 599 3690 proverbii
619 3609 720 3672 verba
733 3610 823 3672 fratri
846 3608 933 3675 dixit.
974 3611 1025 3670 De
1046 3610 1144 3670 stulto
1165 3606 1259 3669 adhi-

167 3720 274 3796 betur,
297 3718 352 3801 qui
371 3718 506 3800 pretium
527 3721 573 3782 rei
593 3721 744 3783 venditae
764 3727 892 3801 paetum
913 3718 1022 3802 augeri
1041 3716 1135 3778 iubet.

172 4095 228 4161 17.
279 4086 443 4176 Potasti,
470 4113 653 4190 onagrum
677 4114 754 4161 non
783 4084 968 4159 dimicare.

250 4212 300 4274 De
322 4233 361 4277 eo
384 4213 508 4298 dieitur,
530 4216 583 4297 qui
598 4216 711 4278 fortem
733 4234 770 4276 se
786 4233 862 4278 esso
883 4211 1031 4296 ostendit,
1049 4231 1141 4294 quom
1164 4211 1257 4272 taiem

170 4322 308 4384 futurum
329 4340 405 4385 esse
427 4324 478 4386 alii
498 4341 562 4384 non
584 4333 781 4405 putaverant.
