2982 4934
133 535 216 608 166.
269 535 575 637 Cautior,1quam
600 535 746 632 aquilae
774 537 907 638 pullus.

214 665 268 726 Ne
289 664 401 725 cnido
423 683 483 726 suo
512 665 542 726 in
570 666 724 729 altissimo
743 667 859 732 montis
881 669 951 729 loco
974 677 1139 732 exstructo
1161 669 1221 732 de-

130 763 232 852 cidat,
252 786 376 833 omnem
398 782 516 833 motum
538 773 648 833 evitat.

442 896 802 1088 fb}[j‘⁶125;i
876 957 930 1042 liv

132 1141 214 1213 167.
268 1140 433 1228 Cautior,
461 1167 575 1242 quam
596 1140 853 1218 chamaeleon.
906 1183 909 1190 =

193 1267 411 1332 Chamaeleon
433 1253 552 1330 arboris
573 1278 718 1332 truncum
737 1290 799 1332 non
815 1270 956 1356 dimittit,
978 1273 1083 1338 donec
1102 1277 1222 1340 arboria

130 1383 275 1442 truncum
297 1378 433 1457 arripuit.
476 1377 532 1438 Sic
554 1377 668 1438 cecinit
688 1386 799 1459 poeta:
902 1429 904 1434 .
932 1421 936 1443 r

133 1679 326 1760 „Quomodo
343 1651 379 1744 ei
393 1702 412 1744 a
434 1685 504 1746 Deo
527 1685 733 1748 chamaeleon
755 1685 875 1746 arboris
894 1640 1141 1752 'l'andhebair
1163 1706 1223 1770 ap-

175 1789 309 1872 pellatae
331 1790 521 1853 destinatum
543 1792 616 1877 fuit,
646 1790 729 1874 quod
756 1810 878 1852 remum
907 1812 969 1854 non
999 1792 1138 1876 dimittit,
1165 1794 1224 1856 nisi

176 1897 305 1959 alterum
326 1898 519 1978 prehendite

135 2269 218 2342 168.
271 2271 385 2364 Magis
418 2266 639 2361 defendens,
672 2297 786 2371 quam
820 2275 868 2359 ie,
902 2277 968 2374 qui
996 2272 1196 2348 locustas
1187 2299 1225 2346 ιη

270 2367 477 2441 clientelam
502 2374 655 2472 recepit.

215 2493 298 2556 Rem
326 2497 448 2556 secisse
476 2504 603 2557 narrant
631 2495 818 2575 Mudlidjum
847 2497 1052 2560 ben-Servad
1081 2517 1101 2558 e
1128 2506 1227 2578 gente

133 2601 215 2662 'l'hai
245 2601 416 2663 oriundum.
459 2604 520 2663 Die
547 2600 683 2682 quodam
711 2621 806 2684 quum
832 2605 977 2666 locustae
1005 2605 1035 2666 iu
1055 2607 1127 2668 loeo
1151 2613 1228 2668 ante

133 2709 301 2770 tentorium
325 2708 419 2770 huius
441 2709 501 2769 viri
523 2707 737 2792 decidissent,
767 2707 808 2770 ad
830 2728 903 2772 eum
924 2721 1133 2774 accerserunt
1154 2712 1228 2792 qui-

132 2817 205 2878 dam
233 2837 253 2876 e
291 2825 390 2899 gente
416 2837 476 2879 sua
503 2824 668 2900 petentes,
699 2825 733 2878 ut
756 2817 816 2878 sibi
838 2817 982 2879 locustae
1001 2818 1070 2882 illas
1093 2819 1124 2882 in
1146 2835 1228 2883 vasa

133 2925 284 3005 colligere
312 2925 432 2984 liceret.
474 2924 557 2986 'l'um
586 2922 636 2983 ille
663 2941 779 3004 equum
807 2923 1027 2986 conscendens
1049 2934 1082 2988 et
1103 2925 1228 2990 hastam
1298 2918 1301 2927 '

134 3049 264 3092 sumens
292 3030 462 3111 quemlibet
491 3049 597 3092 eorum
627 3048 665 3090 se
693 3029 873 3092 occisurum
902 3049 977 3094 ease
1009 3031 1140 3120 iuravit,
1175 3035 1229 3116 qui

134 3157 191 3199 eas
206 3140 388 3220 attingeret.
421 3139 458 3198 In
483 3138 631 3199 clientela
651 3157 711 3199 sua
735 3138 805 3200 illas
826 3155 911 3222 esee,
934 3155 1056 3220 eaeque
1077 3158 1115 3202 ee
1137 3142 1228 3224 tueri,

133 3246 237 3307 donec
258 3245 435 3306 avolarent
463 3245 526 3306 Atii
547 3244 668 3326 dicunt,
690 3245 752 3306 hnc
778 3243 898 3306 fecisse
919 3245 1125 3310 Hatitaahum
1147 3249 1229 3313 iren-

131 3355 222 3415 Merr
241 3352 465 3414 Abu-flante!
486 3352 645 3434 huiusque
664 3352 710 3412 rei
731 3350 901 3432 probanda·
922 3369 1023 3416 carrae
1043 3353 1104 3417 hoe
1125 3365 1229 3438 poete

131 3463 238 3543 gentis
268 3462 350 3524 'l'hai
370 3479 486 3522 versus
507 3461 619 3521 citant:

235 3579 1129 3736 remcaret-antam

230 3787 540 3929 ,canam
563 3775 1129 3928 „jetemsscejeltjj

127 3971 489 4056 „ntenoeaagme
519 3965 1230 4052 edm-Mmlmffmrifflffl

175 4186 238 4248 dm
264 4185 438 4246 nabent
457 4183 614 4264 abitque
633 4181 784 4246 Μίαν
810 4181 928 4244 anxi&
953 4179 1112 4248 tantm
1137 4185 1231 4248 m

182 4292 373 4355 mmm„
385 4285 409 4326 a
