3044 4938
546 343 834 406 mser·-

169 538 245 609 tem‚
268 547 287 588 e
309 547 370 609 qua
391 529 468 610 fuga
489 528 598 588 relicta
620 543 681 588 non
703 539 792 590 esset
798 573 808 610 ,
832 527 975 589 hemines
998 525 1159 607 incidisse,
1187 547 1264 607 pre-

171 637 313 696 verbinm
333 635 458 697 indicat.

509 802 682 898 &M
709 753 864 900 ese-ii
934 785 973 874 ἢ
1041 905 1047 916 ,

171 980 228 1048 tt.
283 975 344 1050 Ad
369 989 505 1049 terram
532 1001 669 1076 corpus
696 972 874 1077 deprime,
901 985 1055 1054 venare!

254 1127 290 1189 Id
313 1138 378 1189 est:
423 1129 459 1191 Si
481 1127 520 1190 ad
542 1138 658 1190 terram
680 1146 795 1208 corpus
817 1128 979 1210 deprimis,
1009 1138 1041 1189 ut
1061 1129 1130 1191 fera
1150 1139 1184 1191 te
1203 1147 1266 1191 non

172 1235 362 1316 conspiciat,
384 1253 423 1296 ea
443 1235 581 1314 potieris.
625 1235 788 1296 Proverbii
810 1235 1041 1318 igitursensus
1068 1245 1133 1298 est:
1168 1239 1212 1304 Ut
1234 1257 1267 1298 re

172 1344 314 1446 potiaris,
337 1342 496 1436 diligentia
518 1353 551 1403 et
572 1345 689 1405 astutia
711 1341 890 1405 adhibenda
912 1353 970 1403 est.

175 1739 233 1808 te.
284 1733 453 1808 Caeteras
479 1760 650 1836 sequere,
680 1762 702 1808 ο
729 1739 859 1810 vacca!

256 1891 306 1950 De
334 1909 383 1972 eo,
407 1887 490 1970 quod
518 1907 570 1949 res
599 1890 652 1949 vel
682 1888 825 1949 hemines
857 1906 938 1952 unus,
965 1887 1098 1952 alterum
1125 1889 1269 1951 celeriter

172 2006 346 2078 sequuntur
367 2005 399 2057 et
426 2003 600 2074 transeunt,
629 1994 801 2056 adhibetur.
848 1995 1014 2056 Proverbii
1043 1996 1195 2078 originem
1223 1997 1270 2057 sic

173 2111 308 2166 narrant.
353 2103 460 2166 Sterili
487 2101 624 2184 quodam
652 2121 749 2184 anno,
779 2120 839 2182 quo
868 2101 1011 2164 homines
1033 2104 1161 2165 multum
1183 2104 1269 2166 affli-

173 2213 347 2293 gebantur,
375 2210 557 2272 Beseharus
586 2210 876 2271 ben-Abi-Hasem
904 2211 1050 2294 Asadita,
1080 2220 1271 2293 cumgente

175 2336 234 2392 sna
260 2319 320 2378 iter
348 2309 482 2399 faciens}
512 2319 543 2395 in
564 2334 738 2379 vaccarum
767 2317 960 2380 silvestrium
990 2335 1125 2401 gregem
1151 2317 1270 2402 incidit,

176 2428 229 2506 qui
257 2426 382 2488 territas
412 2435 551 2487 montem
578 2424 737 2486 adscensu
765 2423 940 2508 difficilem,
975 2446 993 2486 e
1022 2445 1086 2508 que
1108 2429 1270 2490 exaltem

176 2535 274 2596 latere
288 2532 501 2597 descendendi
515 2535 605 2597 locus
618 2555 680 2596 non
696 2542 775 2616 erat,
798 2543 1022 2614 occupaverat,
1042 2535 1226 2598 Bascharus
1238 2535 1270 2594 in

176 2642 292 2704 montis
320 2642 373 2703 via
399 2651 488 2704 stans
510 2660 618 2714 arcum
639 2643 769 2724 sumsit,
798 2644 935 2724 sagittas
955 2642 1097 2724 paravit,
1128 2651 1160 2703 et
1180 2641 1270 2720 sein

176 2766 311 2830 gregem
338 2751 402 2810 tela
421 2749 586 2810 coniicere
614 2749 781 2812 simulavit.
826 2749 898 2829 Qua
924 2748 965 2810 de
993 2766 1092 2811 causa
1113 2766 1175 2810 una
1197 2757 1271 2834 post

177 2858 308 2919 alteram
335 2855 374 2918 de
403 2875 527 2918 summo
556 2863 663 2917 monte
685 2875 722 2918 se
751 2856 865 2919 deiecit
887 2864 920 2917 et
939 2855 1088 2918 membris
1108 2854 1217 2917 fractis
1239 2855 1270 2916 in

178 2964 260 3047 pede
288 2965 403 3026 mentis
429 2965 555 3046 proruit.
597 2963 657 3025 Vir
678 2973 802 3048 autem,
829 2983 922 3045 quum
943 2964 1108 3026 nonnullae
1129 2980 1167 3025 se
1190 2963 1271 3026 deii-

178 3090 252 3134 cere
274 3079 504 3153 eunetnentur,
527 3072 617 3152 quasi
638 3069 809 3133 cohortans
831 3073 931 3135 verba
953 3071 1040 3134 dixit.
1147 3133 1150 3138 ,
1246 3127 1247 3130 ,

320 3226 1173 3448 mmmffmme

179 3493 237 3566 43.
289 3492 409 3565 Mater
434 3505 561 3565 nostra
596 3515 664 3564 nes
698 3515 821 3562 errare
858 3502 956 3564 vetet
991 3504 1027 3564 et
1062 3492 1101 3566 in
1145 3509 1272 3564 errore

290 3620 418 3692 currit.

260 3744 441 3816 Hominem,
455 3743 554 3804 verba
580 3744 710 3824 pulchra
735 3743 893 3824 preferre,
923 3734 984 3805 sed
1003 3760 1135 3824 pravam
1157 3738 1273 3824 agendi

179 3851 331 3913 rationem
353 3851 454 3934 sequi,
476 3853 676 3932 proverbium
698 3851 801 3914 docet.

634 4024 652 4042 α
696 4017 731 4043 ν
810 4011 823 4044 ³
854 4007 924 4044 ’bo

445 3999 922 4210 &edicimus
993 4052 1045 4140 a

181 4259 262 4332 ta-
291 4260 447 4352 Quaeris
473 4264 665 4363 vestigium
690 4265 744 4336 rei
772 4275 856 4362 post
880 4285 960 4335 rem
985 4260 1112 4360 ipsam.
