3004 4926
585 323 809 386 ..499-

453 531 568 704 aab
596 514 678 692 ,tt
709 529 864 666 ctu
935 617 957 662 t

116 770 159 834 7.
219 761 363 861 Lupus
389 700 614 837 doriaditius
645 701 849 838 insidiatur.

218 885 302 948 Hoc
331 888 501 968 proverbio
528 890 559 951 in
595 889 782 972 deceptione
811 898 843 952 et
871 889 981 952 fraude
1009 898 1144 953 utuntur.
1185 891 1240 952 Nil

123 1002 245 1057 autem
269 996 391 1078 obstat,
415 997 582 1077 quominus
604 1000 678 1060 voci
701 1001 789 1085 ,ctau
810 998 1002 1080 significatio
1022 997 1115 1060 vocis
1133 1013 1240 1087 ,Q

125 1117 279 1198 (currit)
312 1120 480 1199 tribuetur3
515 1123 638 1185 litterae
666 1123 748 1184 enim
781 1124 908 1185 Hamza
937 1131 969 1182 et
997 1123 1059 1185 Ain
1094 1123 1172 1184 inter
1201 1141 1239 1184 se

125 1233 369 1307 permutantur.

126 1575 166 1644 8.
222 1573 359 1672 Lupus
385 1573 457 1646 loci
485 1573 721 1648 occultantis.

186 1722 397 1786 Vocabulum
409 1733 484 1823 μό
510 1727 616 1788 locum
646 1723 794 1808 designat
798 1771 812 1811 ,
841 1742 903 1806 quo
930 1726 959 1787 si
986 1723 1057 1807 quis
1084 1741 1121 1784 se
1143 1741 1238 1785 rece·

127 1849 192 1928 pit,
217 1849 427 1912 absconditus
450 1860 509 1913 est.
538 1850 661 1913 Eodem
680 1851 773 1914 modo
795 1852 908 1913 dicitur
931 1853 996 1920 [ωὲ
1023 1854 1103 1939 „fib
1125 1850 1238 1930 „lupus

126 1976 216 2036 inter
241 1975 373 2038 arbores
394 1974 534 2039 Ghadba
555 1975 707 2059 degenso
750 1977 894 2039 Vocibus
923 1986 1029 2040 autem
1054 1978 1104 2039 his
1127 1978 1253 2058 lupum

126 2103 212 2145 esse
243 2102 415 2167 rapacem,
444 2084 644 2169 significant,
679 2087 730 2168 qui
758 2085 905 2168 loquendi
934 2085 1046 2150 modus
1075 2089 1105 2149 in
1132 2087 1236 2149 bomi-

126 2211 208 2252 nem
232 2191 433 2254 transfertur.

134 2537 173 2605 9.
226 2532 356 2632 Lupus
382 2539 668 2632 cognominatur
697 2475 994 2639 Abu-Djihdah.

223 2681 275 2741 De
295 2683 441 2745 vocabuli
469 2702 569 2768 tm?
598 2688 831 2772 significatione
856 2689 1047 2769 interpretes
1068 2707 1129 2748 nou
1152 2704 1233 2748 cou-

138 2806 292 2868 sentiunt.
335 2807 428 2892 Sunt,
449 2813 500 2893 qui
521 2832 626 2896 agnae
646 2833 762 2877 nomen
784 2833 859 2876 esse
881 2813 1002 2895 dicant,
1025 2833 1045 2876 a
1067 2831 1130 2894 qua
1151 2828 1234 2892 cog-

138 2933 254 2976 nomen
275 2917 366 2998 lnpus
388 2921 557 3007 acceperit,
574 2922 658 3004 quod
670 2923 709 2984 iis
729 2923 903 2985 insidietur.
924 2922 989 2984 Alii
1011 2929 1116 2984 autem
1132 2934 1233 2986 aaa>

136 3039 257 3101 herbae
278 3040 453 3105 odoriferae
474 3064 590 3106 nomen
613 3064 687 3108 esse
709 3045 917 3132 contendunt,
947 3066 1028 3130 quae
1052 3066 1130 3108 vere
1151 3065 1233 3108 nas-

135 3165 217 3208 cens
244 3167 320 3210 mox
349 3159 486 3213 arescat.
529 3153 672 3215 Eandem
702 3155 767 3237 lupi
793 3156 944 3218 rationem
967 3173 1040 3217 esse
1045 3199 1059 3240 7
1087 3155 1139 3237 qui
1159 3155 1232 3236 pul-

135 3256 248 3319 chrum
271 3275 450 3341 cognomen
471 3259 594 3323 habens
617 3261 756 3343 perfidus
777 3263 819 3326 sit
831 3272 864 3324 et
879 3283 942 3326 uno
960 3262 1135 3345 eodemque
1146 3270 1232 3325 statu

132 3383 201 3424 non
221 3374 416 3450 permaneat,
435 3375 490 3446 aut
511 3369 595 3450 quod
617 3370 709 3449 lupus
731 3388 909 3453 cognomen
930 3369 1092 3452 pulchrum
1114 3389 1231 3454 gerens

132 3473 268 3553 turpiter
289 3483 375 3555 agat.
417 3476 500 3537 Aliis
522 3495 700 3559 cognomen
721 3480 761 3540 ob
783 3480 948 3542 avaritiam
969 3500 989 3542 a
1009 3479 1098 3541 verbi
1124 3495 1231 3554 aaa?

137 3597 372 3680 significatione
393 3602 465 3682 lupo
488 3602 597 3666 datum
619 3614 678 3667 est.
720 3605 830 3667 Verba
854 3613 962 3700 autem
984 3603 1128 3668 Obbaido
1149 3604 1231 3664 ben-

136 3706 278 3768 Alabraz
300 3706 538 3794 adscribuntur,
570 3713 623 3793 qui
645 3731 684 3774 ea
707 3712 830 3773 dixisse
850 3711 965 3795 fertur⁷
988 3730 1081 3793 quum
1102 3708 1230 3770 Alnoh-

134 3833 250 3876 manus
275 3814 551 3881 ben-Almondsir
572 3840 643 3882 eum
666 3819 814 3883 occidere
834 3822 941 3883 veliet.
982 3821 1019 3880 ln
1042 3836 1114 3879 eum
1136 3815 1230 3878 adbi-

136 3921 226 3984 betur
246 3926 466 4009 proverbium,
480 3929 532 4010 qui
552 3947 589 3990 se
611 3931 713 4010 virum
734 3930 854 3992 bonore
876 3929 1026 4010 adficere,
1049 3924 1089 3986 de
1110 3943 1148 3988 se
1168 3945 1229 4007 pa-

137 4028 199 4091 lam
220 4030 355 4112 iaciens,
378 4032 513 4095 eundem
534 4035 666 4116 perdere
687 4037 765 4099 vult.

459 4209 465 4220 η
498 4167 554 4204 202
619 4174 665 4206 ⁴0
785 4181 802 4200 ό

454 4221 555 4298 ace
590 4206 690 4383 ⁵¹2*ss
727 4171 838 4331 [Ceo
910 4225 935 4302 t.
