3044 4938
721 351 944 415 ...172-

372 540 536 602 Vocabnlc
557 550 714 618 um>
734 535 978 620 „animelcnlum
990 532 1112 615 nigrum
1131 531 1375 611 (scarabaeus),

253 719 256 726 .
290 666 410 729 duobus
420 665 451 724 in
472 664 574 744 cupite
594 662 699 742 longis
721 659 866 720 cornibus
880 655 1067 738 praeditum,
1088 657 1119 716 in
1140 657 1278 717 lacertae
1297 654 1375 716 lati-

288 773 360 834 bulo
382 764 521 832 vivens“
550 767 752 850 significetur.
796 764 900 843 Quum
922 763 1028 826 fossor
1048 761 1089 825 ad
1109 764 1248 826 lacertae
1268 763 1374 822 lecum

288 876 450 960 pervenit,
480 875 561 936 haec
581 874 766 936 animalcula
788 879 949 952 apparent.
991 868 1196 932 Proverbium
1216 867 1289 928 muli
1309 869 1375 929 ini-

290 986 366 1046 tium
387 1000 551 1066 apparere,
572 979 697 1042 indicet.
721 976 803 1040 cons.
826 976 864 1037 C.
885 977 912 1058 l,
933 973 1003 1039 347.

289 1402 348 1476 74.
396 1398 635 1473 Pernoctavit
659 1408 772 1468 nocte
795 1388 921 1464 libera.
947 1457 955 1474 ‚
1031 1453 1033 1460 .

348 1549 472 1610 Arabes
493 1553 629 1624 noctem,
652 1559 713 1622 qus
734 1541 887 1622 integram
902 1542 1114 1624 virginitatem
1130 1554 1240 1607 servat
1260 1556 1373 1632 nupta,

287 1668 348 1750 t?
363 1655 425 1735 Q
446 1658 601 1713 noctem
622 1647 787 1708 liberam
801 1648 959 1726 appellare
974 1650 1089 1726 solent,
1110 1658 1236 1712 noctem
1254 1660 1374 1734 autem,

287 1793 349 1858 qun
368 1777 443 1836 inita
465 1783 526 1858 est,
548 1775 638 1857 eQ
662 1771 723 1854 ω
741 1779 894 1856 „noctem
914 1771 1113 1856 candidem“;
1132 1786 1320 1858 quapropter
1340 1779 1375 1839 in

185 1915 211 1974 Q
287 1919 326 1962 eo
340 1901 391 1981 qui
410 1897 515 1960 victus
537 1917 599 1959 non
620 1904 681 1981 est,
697 1895 846 1958 adhibent
859 1900 1070 1983 proverbium,
1092 1908 1201 1962 contra
1223 1900 1263 1962 de
1283 1902 1375 1964 victo

286 2005 376 2088 ‚Q
400 2004 476 2088 ‘Q
502 2004 589 2087 galla
617 2002 890 2064 pernoctavit
915 2014 1036 2066 nocte
1063 2005 1234 2070 candida
1254 2008 1375 2071 dicunt.

287 2416 346 2487 75.
381 2411 457 2488 Ista
474 2439 515 2486 re
535 2415 705 2488 immunis
726 2439 820 2502 sum,
843 2410 1023 2515 quamdiu
1043 2411 1207 2516 pluviam
1223 2412 1374 2489 coelum

382 2534 553 2611 demittit.

368 2688 405 2751 ld
428 2698 491 2752 est:
515 2691 659 2774 Semper.

929 3056 944 3081 .

287 3106 345 3178 76.
395 3105 513 3177 Armis
539 3102 827 3207 quibuscunque
854 3107 997 3181 occisus
1024 3107 1217 3183 occiditur.

369 3262 527 3324 Ahmruus
547 3263 785 3327 ben-Omnmnh
806 3267 892 3347 regis
921 3238 1054 3327 Alnmrui
1079 3267 1245 3330 ben-Hind
1273 3269 1373 3334 freter

285 3367 730 3454 agentelllorcd')cccisus
752 3381 827 3435 erat.
856 3352 957 3436 Necis
978 3374 1177 3438 ulciscendae
1199 3395 1297 3441 causa
1310 3399 1371 3442 rex

285 3485 394 3538 contre
414 3495 485 3537 eam
507 3479 680 3540 exercitum
701 3477 789 3540 duxit
810 3481 977 3562 pluresque
1003 3481 1073 3542 neci
1095 3481 1180 3545 dedit
1214 3493 1246 3546 et
1275 3504 1371 3566 quum

283 3602 396 3665 pacem
418 3584 526 3645 colens
547 3583 849 3666 Ebn-Aldjoaihdns
870 3587 1024 3650 adductus
1046 3590 1167 3650 tentorii
1195 3593 1275 3671 pulis
1300 3594 1371 3655 eius

283 3693 375 3754 iussu
397 3691 522 3753 occisus
544 3700 650 3778 essct,
686 3692 749 3754 ista
769 3694 868 3755 verba
889 3693 967 3757 dixit
987 3695 1232 3783 significaturus)
1254 3700 1370 3762 mnlum

284 3801 366 3862 muln
387 3806 553 3906 pensatum
579 3817 670 3884 esse,
699 3800 741 3860 nil
769 3797 895 3862 differre
923 3821 984 3883 quo
1012 3802 1215 3866 instrumento
1243 3807 1371 3870 occisus

304 4129 332 4188 1)
351 4128 423 4178 sens
441 4128 492 4178 ista
508 4128 638 4193 originem
655 4131 808 4182 allahlano
824 4129 974 4182 filiosnbae
985 4134 1110 4195 repetens
1127 4131 1154 4180 in
1170 4133 1304 4182 montibus*
1318 4135 1371 4183 Je-

350 4233 446 4272 menee
469 4225 548 4274 sedes
568 4225 689 4275 habebnt.
714 4225 791 4290 conf.
814 4225 937 4276 Pocock.
954 4225 1070 4288 specim.
1087 4225 1151 4276 tint.
1169 4223 1256 4275 Aret.
1273 4238 1304 4287 p.
1321 4223 1369 4274 44.

352 4310 483 4376 Alutfed.
500 4313 564 4364 utet.
583 4315 696 4366 anteitl.
713 4316 755 4366 cd.
773 4313 926 4367 Pleisclter.
942 4329 972 4380 p.
991 4315 1055 4366 190.
