2986 4930
613 333 849 397 ·-4ot-

266 515 383 597 Serva,
405 533 487 596 quae
508 514 548 578 ab
569 515 639 591 aliis
658 513 841 596 despicitur,
863 521 969 576 taruen
990 513 1130 596 superba
1150 524 1209 579 est
1235 516 1272 578 In

182 623 286 684 virum
313 623 501 705 superbum,
530 622 585 704 qui
610 623 651 684 ab
679 621 749 684 aliis
775 623 867 703 parvi
894 621 1043 705 habetur,
1071 622 1275 704 proverbium

184 728 326 810 quadrat.
355 729 449 793 Cous.
470 729 584 793 Reisk.
605 729 726 818 adnott.
746 729 788 792 ad
807 731 949 812 'l'arapb
970 749 1001 812 p.
1021 729 1073 792 92.

324 855 624 1028 ..uait
664 873 793 1029 μζ
823 944 891 1051 Ut
927 859 1037 1022 [tii
1106 923 1159 1004 tr.

185 1109 266 1176 130.
317 1042 544 1206 superbior,
583 1041 701 1204 q‘uam'
736 1100 890 1204 vulpes,
928 1106 967 1177 in
1001 1105 1107 1178 cuius
1139 1099 1275 1206 podice

318 1225 404 1301 lana
428 1231 522 1301 uarii
549 1226 684 1303 coloris
712 1246 804 1326 erat.

227 1362 374 1424 Huiusce
392 1363 565 1447 proverbii,
585 1363 668 1445 quod
684 1363 926 1428 Molrammedes
945 1363 1130 1428 ben-Habib
1151 1361 1275 1443 adtulit,

178 1485 314 1531 causam
333 1469 488 1552 ignorant.

512 1623 582 1648 era
642 1615 658 1648 <t
742 1601 861 1650 >⁴05

493 1677 597 1772 Q
633 1689 701 1805 Ut
736 1649 858 1794 {aad
932 1667 980 1748 li‘l

184 1849 266 1918 l3i.
319 1847 433 1944 Magis
459 1873 498 1919 sa
516 1785 731 1936 ‘occultatae
759 1875 873 1948 quam
897 1846 1050 1921 lacerta.

241 1979 382 2042 Lacerta
403 2002 421 2043 e
440 1982 570 2043 latibulo
591 2001 649 2045 suo
670 1984 832 2045 rarissime
851 1983 965 2064 prodit.
991 1983 1053 2045 Alii
1075 1991 1182 2046 autem
1196 1997 1273 2060 pro-

179 2087 280 2147 verbii
306 2089 416 2150 verbis
445 2083 539 2152 alium
567 2110 698 2153 sensum
725 2092 900 2154 tribuerunt
920 2110 966 2156 sc.
996 2092 1120 2173 armagis
1149 2088 1274 2168 decipi-

179 2213 248 2278 ens,
265 2214 358 2276 quam
379 2198 518 2258 lacertae
540 2198 623 2260 sicut
645 2221 728 2284 μω
753 2234 795 2284 0.
820 2207 906 2287 φῖ
938 2198 1062 2260 dicitur.
1091 2197 1175 2259 conf.
1203 2193 1273 2257 127.

179 2317 345 2388 Proverbii
373 2321 526 2404 originem
553 2321 636 2384 hanc
667 2322 770 2384 fuisse
796 2321 932 2384 tradunt.
973 2323 1120 2384 Venator
1148 2339 1274 2383 manum

180 2445 277 2508 super
298 2429 425 2491 latibulo
440 2430 580 2492 lacertae
599 2439 718 2508 movet,
733 2438 768 2491 ut
786 2430 840 2491 illa
860 2439 975 2510 putans
997 2437 1178 2510 serpentem
1199 2445 1274 2488 esse

181 2535 314 2597 caudam
337 2537 441 2619 erigat
461 2539 502 2600 ad
515 2536 702 2600 feriendum.
737 2536 833 2615 Quod
854 2538 883 2599 si
903 2545 1002 2600 totam
1022 2537 1157 2601 caudam
1178 2537 1274 2598 emit·

181 2642 236 2723 tit,
264 2653 392 2724 arrepta
417 2659 504 2708 ea'a
533 2652 688 2706 venatore
717 2645 848 2725 capitur.
891 2645 937 2706 At
966 2642 1125 2706 dimidium
1151 2651 1274 2704 tantum

182 2747 304 2810 caudae
325 2751 446 2833 erigere
466 2753 561 2834 solet,
580 2759 615 2813 ut
635 2751 750 2812 videns
772 2758 957 2813 venatorem
980 2749 1125 2813 celeriter
1145 2750 1177 2810 in
1197 2749 1274 2811 lati-

180 2853 289 2916 bulum
309 2857 459 2918 recedere
479 2860 592 2940 possit.
633 2860 671 2919 In
697 2857 856 2919 latibulum
884 2867 989 2932 autem
1014 2857 1117 2938 ipsum
1140 2864 1274 2919 venator

179 2981 306 3026 manum
327 2966 494 3029 immittere
514 2987 577 3030 non
598 2964 707 3051 audet,
725 2985 798 3028 nam
819 2965 851 3027 in
872 2966 997 3028 latibulo
1019 2966 1158 3028 lacertae
1179 2979 1273 3025 scor-

178 3073 230 3154 pio
252 3074 351 3136 latere
372 3077 465 3160 solet,
488 3095 508 3137 a
529 3094 603 3159 quo,
625 3075 653 3138 si
673 3094 735 3136 non
758 3081 865 3160 cavet,
887 3074 1081 3136 vulneratur.
1124 3072 1189 3134 Hic
1211 3090 1273 3135 au·

177 3190 243 3244 tem
265 3190 316 3245 est
337 3184 478 3246 lacertae
500 3184 677 3266 decipiendi
697 3182 819 3246 modus.
863 3182 988 3247 Ceciuit
1008 3189 1126 3263 poetar

176 3315 265 3436 dja
289 3300 425 3454 aubi
446 3316 517 3454 at.
543 3317 576 3411 'a
598 3300 667 3410 ai
689 3303 791 3446 „ic
816 3329 898 3426 a}
924 3325 971 3469 ra
993 3323 1066 3428 ζ...
1090 3315 1134 3451 5,.
1157 3305 1274 3448 goti·

173 3516 312 3600 „Magis
336 3516 497 3600 decipiens
519 3538 612 3601 quam
633 3521 762 3582 lacerta.
785 3518 889 3597 Quum
910 3525 1045 3580 venator
1065 3515 1166 3597 venit,
1187 3512 1273 3596 apud

219 3622 379 3703 (latibuli)
402 3634 579 3690 extremum
600 3627 798 3707 scorpionem
818 3626 851 3704 ei
871 3617 1034 3705 paravit.“

257 3739 386 3803 Versus
414 3751 549 3805 metrum
572 3742 726 3806 'l'hawil
754 3741 945 3823 appellatum
972 3746 1031 3801 est.
1075 3735 1273 3800 contin

175 3867 206 3928 p.
229 3847 299 3910 161.
329 3850 512 3914 Meidunius
534 3851 622 3936 dixit)
645 3850 848 3934 proverbium
869 3848 900 3908 in
922 3867 993 3909 eum
1015 3844 1088 3927 dici,
1110 3845 1176 3928 qui,
1199 3844 1272 3907 dum
1388 3911 1394 3920 ,

174 3974 243 4017 rem
270 3957 310 4018 ab
339 3978 378 4021 eo
405 3967 517 4041 petas,
553 3958 662 4020 furtim
690 3957 731 4021 ad
759 3957 852 4017 aliam
878 3973 945 4015 rem
962 3953 1136 4016 tdellectat.
1180 3951 1272 4020 Conf.

174 4055 283 4120 Abulf.
303 4059 387 4146 Arm.
409 4061 447 4121 Τ.
468 4061 497 4142 Ι,
519 4078 549 4139 p.
569 4060 641 4124 212.
680 4062 717 4120 ln
738 4056 801 4118 fine
822 4054 946 4117 additur
966 4047 1100 4140 »αἰδῇ

557 4166 602 4292 E3
647 4171 663 4202 ο
744 4138 858 4241 iae
