3026 4942
681 319 906 382 ..128..

250 506 332 578 388.
384 499 519 575 Coram
548 499 715 573 homines
741 495 909 570 adlatret.

332 655 431 737 Eum,
459 654 510 734 qui
531 653 599 715 sine
620 667 720 714 causa
740 649 883 716 homines
906 650 1101 712 contumeliis
1122 649 1247 731 adficit,
1279 647 1339 708 de-

250 763 365 844 signat

775 1063 794 1082 ,
919 1063 922 1070 ’
1026 1062 1047 1102 a

251 1133 333 1203 589.
385 1127 574 1229 Butyrum
599 1153 738 1228 purum
764 1127 797 1197 ei
822 1141 897 1214 est,
933 1127 999 1226 qui
1025 1140 1098 1197 stat
1124 1141 1161 1196 et
1188 1127 1339 1224 porion·
1427 1203 1430 1206 ,

386 1269 460 1327 tem
486 1252 697 1350 (camelum)
724 1249 885 1324 adiuvat.

333 1405 434 1467 uetus
469 1408 598 1488 eiusque
633 1404 830 1468 commodum
870 1403 1029 1486 diligenti,
1071 1423 1133 1464 non
1168 1403 1341 1485 negligenti

252 1523 310 1574 est
351 1514 523 1577 Proverbio
551 1515 613 1576 hoo
641 1514 760 1575 incuria
794 1513 998 1593 vituperatur.
1047 1513 1082 1575 si
1112 1513 1217 1601 len„
1245 1512 1340 1593 legis,

251 1641 481 1704 hemistichium
509 1643 601 1705 metri
623 1641 748 1703 Camil
768 1640 845 1703 dicti
863 1641 1065 1721 proverbium
1087 1650 1146 1703 est.
1168 1640 1252 1704 conl.
1273 1641 1341 1701 libr.

251 1767 291 1810 m.
313 1768 343 1828 p.
364 1750 434 1811 211.

748 1920 766 1937 .
831 1911 902 1941 ,oa
963 1921 980 1940 a
1006 1895 1043 1942 of.

439 1909 579 2066 Uds,
616 1963 790 2061 rso-ri:
825 1989 904 2088 cst?
941 1940 1037 2041 so
1110 1959 1171 2037 rt

253 2167 334 2236 590.
363 2159 423 2232 Tu
449 2164 546 2233 inter
571 2164 674 2234 iecur
700 2188 823 2237 meum
849 2179 886 2235 et
911 2167 1043 2237 iecoris
1060 2167 1131 2234 mei
1150 2161 1273 2234 velum
1292 2187 1339 2234 es.

335 2314 384 2375 'l'u
404 2313 488 2393 apud
508 2334 559 2376 me
581 2301 610 2374 in
632 2332 749 2395 magno
773 2315 893 2378 honore
915 2334 960 2376 es.

558 2462 666 2601 81ιῖ
691 2485 825 2654 op}
860 2473 942 2660 ,kt
1000 2529 1057 2608 co

253 2730 335 2802 391.
368 2723 561 2800 Postrema
585 2727 723 2799 itineris
748 2728 803 2799 tui
825 2753 910 2829 pars
931 2730 1046 2824 magis
1066 2752 1254 2829 occupans
1276 2743 1342 2800 est.

314 2877 405 2960 Viro,
417 2879 469 2959 qui
489 2879 575 2941 initio
597 2879 718 2940 itineris
740 2881 846 2941 alacer
868 2888 928 2962 est,
951 2879 1077 2940 dicitur:
1098 2880 1265 2940 Postrema
1285 2878 1341 2938 iti·

253 2987 336 3047 neris
363 3005 439 3065 pars
468 2986 608 3069 dignior,
638 2997 672 3049 ut
698 2989 844 3049 alacritas
870 2995 904 3048 te
925 2997 1069 3068 occupet.
1092 2989 1194 3050 conf.
1218 2988 1340 3051 Schult.

252 3113 342 3174 prov.
364 3093 461 3155 Meid.
483 3114 513 3174 p.
539 3094 609 3156 269.
652 3097 688 3156 ln
715 3094 825 3156 codice
847 3097 883 3156 B.
907 3096 1011 3157 scriba
1033 3097 1158 3178 signum
1180 3096 1340 3157 'l'esclr-

255 3200 443 3263 didlitterae
467 3199 487 3278 ὁ
513 3202 678 3287 imposuit,
700 3213 734 3264 ut
756 3223 775 3264 a
797 3203 904 3264 radice
929 3209 994 3289 ι)...
1019 3203 1191 3265 derivanda
1212 3205 1253 3265 sit
1275 3223 1341 3264 vox

255 3336 287 3389 et
307 3328 338 3387 in
359 3327 487 3388 scholiis
508 3327 635 3408 scripsit
655 3339 704 3412 ῳ
730 3355 759 3413 ap
786 3329 887 3409 &lap
911 3326 958 3427 ob
982 3333 1064 3436 Θῆ
1086 3333 1133 3417 &l
1157 3329 1241 3396 estol
1267 3327 1340 3420 sifi,

255 3453 434 3532 amu
461 3453 521 3515 sod
549 3455 593 3518 nil
612 3455 672 3517 nisi
700 3454 826 3550 scribae
848 3454 1001 3515 correctio
1024 3471 1099 3514 esse
1120 3452 1260 3537 videtur,
1289 3455 1342 3535 qui

256 3595 371 3640 vocem
399 3578 483 3646 ussai
508 3580 590 3646 falso
612 3581 778 3644 derivavit

257 3992 340 4064 392.
368 3989 429 4062 Tu
454 4005 549 4090 potu
575 3989 726 4062 satiatus
751 4015 806 4078 es,
831 4015 878 4062 ne
904 3991 1017 4089 igitur
1033 3991 1162 4066 bibere
1182 3989 1343 4062 festines.

340 4160 385 4241 ls,
409 4159 460 4240 qui
480 4158 636 4222 desiderio
657 4179 759 4241 paene
779 4161 898 4242 potitus
919 4171 980 4245 est,
1006 4171 1040 4224 ut
1061 4162 1172 4224 leniter
1193 4170 1290 4244 agat,
1313 4169 1346 4221 et

258 4264 384 4328 modum
405 4286 467 4328 non
488 4267 636 4350 excedat,
658 4276 808 4332 monetur.
