2970 4946
551 361 781 425 —695-

203 544 288 609 Avis
308 547 398 632 &ppt
420 544 579 626 appellata
599 543 712 608 eadem
734 562 810 606 esse
832 543 956 627 dicitur,
978 561 1060 626 quee
1080 554 1213 658 &trista

121 671 236 726 nomen
257 664 367 745 habet;
394 664 463 727 aliis
485 673 609 747 autem,
638 661 902 744 quemadmodum
924 661 956 723 in
977 662 1081 724 lexico
1102 671 1213 725 nostro

121 773 269 856 diximuS,
290 772 403 836 eadem
424 779 485 857 ost,
508 790 576 853 quac
596 788 661 868 epo
680 772 864 858 appelletur,
886 770 918 832 id
942 770 1024 853 quod
1047 771 1122 833 mihi
1141 770 1214 834 veri

121 891 255 952 similius
277 889 421 973 videtur,
443 888 527 972 quod
548 890 610 952 ista
632 889 702 950 avis
723 890 754 950 in
774 889 885 952 cameli
906 890 1064 952 vulnerati
1085 889 1212 954 dorsum

121 997 230 1060 incidit
250 1006 283 1059 et
294 998 422 1060 dorsum
437 996 546 1080 laedit,
562 1005 752 1077 quapropter
764 997 792 1056 ei
808 1013 987 1078 cognomen
999 993 1112 1096 ΜΗ
1125 996 1213 1102 &¹²³⁸
1232 1047 1235 1052 .

122 1111 308 1176 „domorum
334 1123 530 1195 amputatorn
553 1113 705 1175 tribuitur.
750 1112 812 1193 Qui
845 1115 1051 1177 iterfaciens
1079 1115 1133 1177 avi
1160 1115 1214 1178 isti

122 1223 270 1304 occurrit,
286 1225 403 1296 malum
426 1243 518 1286 omen
539 1220 570 1285 id
592 1223 712 1284 habens
734 1241 770 1284 se
792 1229 879 1286 certo
901 1222 987 1286 scire
1004 1232 1107 1305 putat,
1128 1223 1214 1287 rdor-

122 1348 193 1392 sum
220 1330 378 1392 vulnerari
406 1340 461 1393 aut
489 1330 672 1392 moriturum
701 1349 775 1392 esse
797 1332 963 1394 camelum.
1005 1328 1213 1396 Ferasdakus
1247 1357 1251 1365 ·

122 1438 279 1500 camelum
299 1455 393 1499 suum
414 1435 576 1518 alloquens
597 1438 646 1500 sic
668 1436 763 1500 dixit:

120 1557 665 1698 &mmmmm-aa
717 1567 814 1694 agii
843 1597 1213 1694 &timuerat

122 1767 265 1848 „Quodsi
293 1786 429 1850 unquam
454 1787 506 1830 me
535 1766 575 1828 ad
605 1769 838 1855 campensem,
860 1771 1148 1856 Ebn-Modricum,
1170 1791 1213 1839 ex

163 1877 278 1940 avibus
298 1877 372 1940 mali
393 1877 504 1938 ominis
526 1877 598 1939 avis
620 1877 729 1940 infelix
749 1877 857 1940 Zorad
879 1880 934 1958 tibi
956 1889 1129 1945 occurrat«

203 2003 331 2066 Versus
353 2011 486 2064 metrum
508 2002 634 2090 {l'hewil
657 2010 716 2070 est.
743 2004 837 2067 Conf.
858 2004 878 2066 l.
900 2025 940 2068 m.
961 2026 991 2087 p.
1015 2007 1084 2069 161.
1120 2005 1230 2086 Quod·

120 2112 150 2174 si
175 2131 254 2173 vero
281 2110 352 2194 quis
383 2111 481 2172 oculis
510 2110 601 2173 videt
628 2129 723 2174 avem
750 2112 823 2174 mali
851 2113 962 2176 ominis
985 2114 1091 2176 dicere
1112 2115 1213 2178 solet:

121 2218 204 2317 Uip:
230 2219 282 2302 upl
306 2216 335 2284 ,i
362 2221 439 2328 guil
467 2218 615 2281 „Decreti
641 2237 661 2280 a
687 2220 758 2280 Deo
789 2218 819 2278 ei
847 2228 937 2282 erant
963 2219 1023 2282 duo
1045 2222 1100 2284 filii
1120 2223 1213 2292 visus

121 2340 314 2420 oculorum,e
337 2339 430 2416 quasi
449 2337 548 2399 oculis
569 2337 632 2398 iam
645 2336 760 2397 videns
777 2335 897 2400 caedem
913 2346 946 2400 et
959 2340 1211 2402 vulnerationem

120 2444 216 2505 dorsi.
245 2441 379 2521 Quando
398 2440 539 2503 hariolus
560 2441 703 2504 Arabum
725 2442 897 2506 hariolatus
919 2453 988 2517 erat
1007 2455 1064 2508 aut
1085 2465 1127 2508 ex
1146 2464 1212 2506 vo-

119 2555 186 2614 latu
208 2549 315 2612 avium
338 2567 428 2609 omen
447 2554 578 2628 ceperat
597 2547 635 2631 is,
658 2549 710 2629 qui
732 2561 804 2654 31)-
817 2550 1033 2630 appellabatur
1044 2561 1097 2615 eut
1108 2553 1210 2616 lineas

120 2666 276 2748 sortilegii
288 2665 474 2752 causapquis
488 2663 623 2729 duxerat
639 2675 671 2730 ct
683 2668 714 2730 in
732 2669 792 2729 illis
813 2669 909 2730 rebus
930 2688 998 2732 rem
1019 2672 1079 2734 sibi
1098 2672 1213 2754 ingra-

121 2784 187 2838 tam
209 2779 440 2857 conspexerat,
464 2771 572 2835 dicere
593 2775 734 2837 solebat:
764 2775 863 2874 oieb
881 2773 957 2868 ψ
974 2776 1056 2876 eth-²
1079 2779 1130 2864 lapi
1159 2778 1212 2840 vel

120 2892 219 2994 c,ipit
248 2892 330 2987 kepel
356 2893 438 2992 mbo:
463 2894 515 2978 'cn
549 2893 638 2956 elt'ilii
665 2894 756 2957 visus
786 2892 1029 2973 explicationem
1059 2897 1213 2958 ostende-

120 3020 195 3074 runt
204 3011 259 3072 vel
280 3009 334 3072 tilii
352 3011 444 3072 visus
466 3010 609 3072 celeriter
631 3009 875 3092 explicationem
896 3011 1213 3078 dederuntn'Verbis

120 3124 203 3217 Uip:
230 3119 282 3203 imi
304 3126 409 3179 autern
430 3116 500 3178 duae
522 3117 624 3202 linere,
647 3136 728 3199 quas
749 3119 888 3181 hariolus
906 3118 1009 3205 duxit,
1031 3121 1212 3204 intelligen-
1240 3173 1243 3178 ,

121 3235 182 3297 dae
203 3244 290 3318 sunt,
314 3236 406 3317 quasi
426 3235 477 3318 iis,
503 3234 534 3296 id
557 3234 642 3317 quod
662 3235 748 3298 scire
769 3237 851 3320 vult,
875 3238 1035 3300 observet.
1077 3239 1213 3321 Legitur

121 3361 263 3426 qnoque:
291 3344 391 3442 obed
418 3340 493 3440 ψ
520 3343 622 3441 ohan
647 3345 740 3444 &qi
771 3344 819 3407 „0
849 3345 904 3406 filii
929 3345 1023 3408 visus
1051 3347 1212 3410 oculorum

121 3460 279 3526 ostendite
300 3453 577 3544 explicationemie
600 3456 692 3522 Geni.
715 3459 837 3523 Schult.
858 3480 948 3542 prov.
969 3461 1067 3528 Meid.
1088 3482 1119 3544 p.
1139 3461 1191 3524 ¹7⁷.

366 3589 490 3788 Uinii
516 3590 715 3786 naggae
752 3581 861 3734 ,w
933 3645 984 3726 ltu
1083 3729 1085 3740 ,

124 3833 204 3904 128.
254 3827 468 3917 Infaustior,
501 3853 615 3929 quam
642 3851 778 3900 corvus
804 3827 1057 3930 separationis.

212 3969 341 4034 Corvus
377 3989 554 4053 cognomen
589 3969 662 4034 illud
694 3969 904 4051 separationis
939 3969 977 4030 ab
1008 3988 1047 4030 co
1074 3967 1212 4052 accepit,

122 4077 224 4164 quod,
253 4098 350 4160 quum
377 4096 460 4160 gens
486 4077 633 4161 pabulum
663 4095 819 4158 quaerens
848 4075 959 4139 domos
979 4093 1056 4138 suas
1076 4077 1212 4160 reliquit,

122 4203 241 4249 corvus
275 4183 425 4268 pabulum
459 4201 616 4265 quaerens
645 4184 689 4247 ibi
716 4182 841 4246 decidit.
889 4183 983 4244 Hanc
1013 4190 1118 4247 autem
1145 4202 1212 4246 rem

122 4294 240 4359 malum
272 4313 365 4360 omen
401 4309 475 4358 csse
511 4300 681 4379 putarunt,
720 4292 792 4376 quia
830 4308 947 4356 corvus
979 4290 1103 4354 nonnisi
1136 4297 1212 4374 post

941 4421 1017 4498 45*
