<?xml version="1.0" encoding="UTF-8"?>
<!DOCTYPE html PUBLIC "-//W3C//DTD XHTML 1.0 Transitional//EN"
    "http://www.w3.org/TR/xhtml1/DTD/xhtml1-transitional.dtd">
<html xmlns="http://www.w3.org/1999/xhtml" xml:lang="en" lang="en">
 <head>
  <title>
</title>
<meta http-equiv="Content-Type" content="text/html;charset=utf-8" />
  <meta name='ocr-system' content='tesseract 3.04.00' />
  <meta name='ocr-capabilities' content='ocr_page ocr_carea ocr_par ocr_line ocrx_word'/>
</head>
<body>
  <div class='ocr_page' id='page_1' title='image "./arabumproverbia04alfgoog_0402.png"; bbox 0 0 2982 4934; ppageno 0'>
   <div class='ocr_carea' id='block_1_1' title="bbox 596 359 822 424">
    <p class='ocr_par' dir='ltr' id='par_1_1' title="bbox 596 359 822 424">
     <span class='ocr_line' id='line_1_1' title="bbox 596 359 822 424; baseline 0 0"><span class='ocrx_word' id='word_1_1' title='bbox 596 359 822 424; x_wconf 82' lang='lat' dir='ltr'>-rre-</span> 
     </span>
    </p>
   </div>
   <div class='ocr_carea' id='block_1_2' title="bbox 57 542 1253 3531">
    <p class='ocr_par' dir='ltr' id='par_1_2' title="bbox 57 542 1253 3531">
     <span class='ocr_line' id='line_1_2' title="bbox 160 542 1252 632; baseline 0.01 -29"><span class='ocrx_word' id='word_1_2' title='bbox 160 542 312 626; x_wconf 81' lang='lat' dir='ltr'>stringis,</span> <span class='ocrx_word' id='word_1_3' title='bbox 340 545 393 626; x_wconf 85' lang='lat' dir='ltr'>qni</span> <span class='ocrx_word' id='word_1_4' title='bbox 419 553 561 608; x_wconf 75' lang='lat' dir='ltr'>mortam</span> <span class='ocrx_word' id='word_1_5' title='bbox 583 555 617 608; x_wconf 94' lang='lat' dir='ltr'>te</span> <span class='ocrx_word' id='word_1_6' title='bbox 636 549 715 610; x_wconf 82' lang='lat' dir='ltr'>vive</span> <span class='ocrx_word' id='word_1_7' title='bbox 733 549 842 612; x_wconf 87' lang='lat' dir='ltr'>melior</span> <span class='ocrx_word' id='word_1_8' title='bbox 862 557 931 632; x_wconf 82' lang='lat' dir='ltr'>eat,</span> <span class='ocrx_word' id='word_1_9' title='bbox 965 559 1120 632; x_wconf 78' lang='lat' dir='ltr'>aegrotus</span> <span class='ocrx_word' id='word_1_10' title='bbox 1140 551 1252 614; x_wconf 78' lang='lat' dir='ltr'>melioe</span> 
     </span>
     <span class='ocr_line' id='line_1_3' title="bbox 161 653 1252 740; baseline 0.006 -27"><span class='ocrx_word' id='word_1_11' title='bbox 161 661 195 713; x_wconf 88' lang='lat' dir='ltr'>te</span> <span class='ocrx_word' id='word_1_12' title='bbox 214 669 307 734; x_wconf 80' lang='lat' dir='ltr'>sano,</span> <span class='ocrx_word' id='word_1_13' title='bbox 329 653 447 714; x_wconf 65' lang='lat' dir='ltr'>moene</span> <span class='ocrx_word' id='word_1_14' title='bbox 466 655 578 716; x_wconf 84' lang='lat' dir='ltr'>melior</span> <span class='ocrx_word' id='word_1_15' title='bbox 599 663 632 716; x_wconf 88' lang='lat' dir='ltr'>te</span> <span class='ocrx_word' id='word_1_16' title='bbox 651 653 849 736; x_wconf 64' lang='lat' dir='ltr'>praesentor</span> <span class='ocrx_word' id='word_1_17' title='bbox 870 660 944 722; x_wconf 90' lang='lat' dir='ltr'>Iuro</span> <span class='ocrx_word' id='word_1_18' title='bbox 964 678 1021 740; x_wconf 89' lang='lat' dir='ltr'>per</span> <span class='ocrx_word' id='word_1_19' title='bbox 1042 675 1168 722; x_wconf 83' lang='lat' dir='ltr'>sacram</span> <span class='ocrx_word' id='word_1_20' title='bbox 1188 678 1252 720; x_wconf 92' lang='lat' dir='ltr'>uu·</span> 
     </span>
     <span class='ocr_line' id='line_1_4' title="bbox 160 759 1252 845; baseline 0.006 -24"><span class='ocrx_word' id='word_1_21' title='bbox 160 759 212 821; x_wconf 87' lang='lat' dir='ltr'>bis</span> <span class='ocrx_word' id='word_1_22' title='bbox 233 777 366 845; x_wconf 82' lang='lat' dir='ltr'>aquam,</span> <span class='ocrx_word' id='word_1_23' title='bbox 395 767 428 822; x_wconf 89' lang='lat' dir='ltr'>et</span> <span class='ocrx_word' id='word_1_24' title='bbox 448 781 507 842; x_wconf 92' lang='lat' dir='ltr'>per</span> <span class='ocrx_word' id='word_1_25' title='bbox 526 761 713 844; x_wconf 80' lang='lat' dir='ltr'>dignitatem</span> <span class='ocrx_word' id='word_1_26' title='bbox 732 759 963 828; x_wconf 83' lang='lat' dir='ltr'>Abu-Kabasi!</span> <span class='ocrx_word' id='word_1_27' title='bbox 994 767 1031 830; x_wconf 90' lang='lat' dir='ltr'>Si</span> <span class='ocrx_word' id='word_1_28' title='bbox 1050 767 1252 828; x_wconf 74' lang='lat' dir='ltr'>manitestinn</span> 
     </span>
     <span class='ocr_line' id='line_1_5' title="bbox 161 867 1252 956; baseline 0.006 -28"><span class='ocrx_word' id='word_1_29' title='bbox 161 868 237 930; x_wconf 90' lang='lat' dir='ltr'>mibi</span> <span class='ocrx_word' id='word_1_30' title='bbox 267 869 345 950; x_wconf 81' lang='lat' dir='ltr'>erit,</span> <span class='ocrx_word' id='word_1_31' title='bbox 376 877 409 930; x_wconf 89' lang='lat' dir='ltr'>te</span> <span class='ocrx_word' id='word_1_32' title='bbox 437 867 501 932; x_wconf 85' lang='lat' dir='ltr'>boc</span> <span class='ocrx_word' id='word_1_33' title='bbox 525 870 666 950; x_wconf 80' lang='lat' dir='ltr'>secisse,</span> <span class='ocrx_word' id='word_1_34' title='bbox 698 872 844 952; x_wconf 80' lang='lat' dir='ltr'>proiecte</span> <span class='ocrx_word' id='word_1_35' title='bbox 872 889 1000 936; x_wconf 80' lang='lat' dir='ltr'>carnem</span> <span class='ocrx_word' id='word_1_36' title='bbox 1034 874 1178 956; x_wconf 87' lang='lat' dir='ltr'>occipitis</span> <span class='ocrx_word' id='word_1_37' title='bbox 1206 874 1252 935; x_wconf 88' lang='lat' dir='ltr'>tui</span> 
     </span>
     <span class='ocr_line' id='line_1_6' title="bbox 161 975 1252 1062; baseline 0.005 -26"><span class='ocrx_word' id='word_1_38' title='bbox 161 976 297 1037; x_wconf 78' lang='lat' dir='ltr'>evellam</span> <span class='ocrx_word' id='word_1_39' title='bbox 318 975 436 1057; x_wconf 88' lang='lat' dir='ltr'>tibique</span> <span class='ocrx_word' id='word_1_40' title='bbox 458 977 613 1041; x_wconf 87' lang='lat' dir='ltr'>edendam</span> <span class='ocrx_word' id='word_1_41' title='bbox 634 978 726 1041; x_wconf 88' lang='lat' dir='ltr'>dabo.</span> <span class='ocrx_word' id='word_1_42' title='bbox 756 981 936 1062; x_wconf 72' lang='lat' dir='ltr'><strong>Respondit</strong></span> <span class='ocrx_word' id='word_1_43' title='bbox 955 981 1171 1044; x_wconf 76' lang='lat' dir='ltr'>Mocbalisus:</span> <span class='ocrx_word' id='word_1_44' title='bbox 1195 982 1252 1043; x_wconf 91' lang='lat' dir='ltr'>Nil</span> 
     </span>
     <span class='ocr_line' id='line_1_7' title="bbox 160 1065 1252 1171; baseline 0.005 -27"><span class='ocrx_word' id='word_1_45' title='bbox 160 1083 280 1146; x_wconf 78' lang='lat' dir='ltr'>sinistri</span> <span class='ocrx_word' id='word_1_46' title='bbox 301 1081 356 1145; x_wconf 90' lang='lat' dir='ltr'>tibi</span> <span class='ocrx_word' id='word_1_47' title='bbox 376 1079 519 1147; x_wconf 81' lang='lat' dir='ltr'>eveniat!</span> <span class='ocrx_word' id='word_1_48' title='bbox 541 1085 613 1148; x_wconf 89' lang='lat' dir='ltr'>iuro</span> <span class='ocrx_word' id='word_1_49' title='bbox 635 1102 692 1168; x_wconf 91' lang='lat' dir='ltr'>per</span> <span class='ocrx_word' id='word_1_50' title='bbox 712 1107 797 1169; x_wconf 89' lang='lat' dir='ltr'>eum,</span> <span class='ocrx_word' id='word_1_51' title='bbox 810 1090 864 1170; x_wconf 81' lang='lat' dir='ltr'>qui</span> <span class='ocrx_word' id='word_1_52' title='bbox 882 1065 1048 1171; x_wconf 78' lang='lat' dir='ltr'>¹lastigium</span> <span class='ocrx_word' id='word_1_53' title='bbox 1069 1099 1158 1151; x_wconf 87' lang='lat' dir='ltr'>tuum</span> <span class='ocrx_word' id='word_1_54' title='bbox 1178 1100 1252 1150; x_wconf 88' lang='lat' dir='ltr'>oum</span> 
     </span>
     <span class='ocr_line' id='line_1_8' title="bbox 160 1190 1253 1275; baseline 0.005 -24"><span class='ocrx_word' id='word_1_55' title='bbox 160 1190 342 1252; x_wconf 84' lang='lat' dir='ltr'>fulcimento</span> <span class='ocrx_word' id='word_1_56' title='bbox 370 1190 460 1254; x_wconf 86' lang='lat' dir='ltr'>tollat</span> <span class='ocrx_word' id='word_1_57' title='bbox 493 1201 526 1254; x_wconf 86' lang='lat' dir='ltr'>et</span> <span class='ocrx_word' id='word_1_58' title='bbox 556 1192 610 1275; x_wconf 89' lang='lat' dir='ltr'>qui</span> <span class='ocrx_word' id='word_1_59' title='bbox 643 1207 756 1255; x_wconf 87' lang='lat' dir='ltr'>osores</span> <span class='ocrx_word' id='word_1_60' title='bbox 788 1204 862 1256; x_wconf 79' lang='lat' dir='ltr'>tues</span> <span class='ocrx_word' id='word_1_61' title='bbox 890 1206 963 1257; x_wconf 89' lang='lat' dir='ltr'>cum</span> <span class='ocrx_word' id='word_1_62' title='bbox 989 1196 1116 1258; x_wconf 72' lang='lat' dir='ltr'>tristitia</span> <span class='ocrx_word' id='word_1_63' title='bbox 1143 1215 1253 1257; x_wconf 92' lang='lat' dir='ltr'>eorum</span> 
     </span>
     <span class='ocr_line' id='line_1_9' title="bbox 162 1291 1252 1365; baseline 0.004 -4"><span class='ocrx_word' id='word_1_64' title='bbox 162 1291 303 1364; x_wconf 80' lang='lat' dir='ltr'>occidatl</span> <span class='ocrx_word' id='word_1_65' title='bbox 331 1299 382 1361; x_wconf 80' lang='lat' dir='ltr'>&#39;l&#39;u</span> <span class='ocrx_word' id='word_1_66' title='bbox 402 1300 445 1362; x_wconf 87' lang='lat' dir='ltr'>nil</span> <span class='ocrx_word' id='word_1_67' title='bbox 465 1299 527 1362; x_wconf 88' lang='lat' dir='ltr'>nisi</span> <span class='ocrx_word' id='word_1_68' title='bbox 548 1297 725 1362; x_wconf 84' lang='lat' dir='ltr'>delatorum</span> <span class='ocrx_word' id='word_1_69' title='bbox 745 1302 848 1364; x_wconf 82' lang='lat' dir='ltr'>verba</span> <span class='ocrx_word' id='word_1_70' title='bbox 867 1302 1016 1364; x_wconf 74' lang='lat' dir='ltr'>audivisti</span> <span class='ocrx_word' id='word_1_71' title='bbox 1036 1313 1069 1364; x_wconf 84' lang='lat' dir='ltr'>et</span> <span class='ocrx_word' id='word_1_72' title='bbox 1089 1303 1252 1365; x_wconf 79' lang='lat' dir='ltr'>rebellium</span> 
     </span>
     <span class='ocr_line' id='line_1_10' title="bbox 161 1407 1253 1493; baseline 0.001 -22"><span class='ocrx_word' id='word_1_73' title='bbox 161 1407 422 1471; x_wconf 77' lang='lat' dir='ltr'>obtrectationes.</span> <span class='ocrx_word' id='word_1_74' title='bbox 454 1407 624 1470; x_wconf 87' lang='lat' dir='ltr'>Neminem</span> <span class='ocrx_word' id='word_1_75' title='bbox 644 1415 757 1490; x_wconf 83' lang='lat' dir='ltr'>satyra</span> <span class='ocrx_word' id='word_1_76' title='bbox 776 1411 947 1490; x_wconf 79' lang='lat' dir='ltr'>perstrinxi</span> <span class='ocrx_word' id='word_1_77' title='bbox 968 1419 1001 1472; x_wconf 89' lang='lat' dir='ltr'>et</span> <span class='ocrx_word' id='word_1_78' title='bbox 1021 1412 1135 1493; x_wconf 82' lang='lat' dir='ltr'>virum,</span> <span class='ocrx_word' id='word_1_79' title='bbox 1157 1429 1253 1493; x_wconf 85' lang='lat' dir='ltr'>quem</span> 
     </span>
     <span class='ocr_line' id='line_1_11' title="bbox 161 1513 1252 1599; baseline 0.001 -23"><span class='ocrx_word' id='word_1_80' title='bbox 161 1533 288 1597; x_wconf 88' lang='lat' dir='ltr'>semper</span> <span class='ocrx_word' id='word_1_81' title='bbox 307 1513 483 1594; x_wconf 87' lang='lat' dir='ltr'>laudabam,</span> <span class='ocrx_word' id='word_1_82' title='bbox 505 1530 569 1576; x_wconf 88' lang='lat' dir='ltr'>non</span> <span class='ocrx_word' id='word_1_83' title='bbox 588 1517 807 1599; x_wconf 63' lang='lat' dir='ltr'>perstringam.</span> <span class='ocrx_word' id='word_1_84' title='bbox 849 1513 901 1580; x_wconf 82' lang='lat' dir='ltr'>&#39;l&#39;e</span> <span class='ocrx_word' id='word_1_85' title='bbox 919 1519 1053 1579; x_wconf 82' lang='lat' dir='ltr'>obsecro</span> <span class='ocrx_word' id='word_1_86' title='bbox 1076 1537 1133 1598; x_wconf 91' lang='lat' dir='ltr'>per</span> <span class='ocrx_word' id='word_1_87' title='bbox 1154 1536 1252 1578; x_wconf 88' lang='lat' dir='ltr'>avum</span> 
     </span>
     <span class='ocr_line' id='line_1_12' title="bbox 161 1623 1251 1706; baseline 0 -22"><span class='ocrx_word' id='word_1_88' title='bbox 161 1631 248 1685; x_wconf 85' lang='lat' dir='ltr'>tuum</span> <span class='ocrx_word' id='word_1_89' title='bbox 276 1640 468 1705; x_wconf 85' lang='lat' dir='ltr'>generosum</span> <span class='ocrx_word' id='word_1_90' title='bbox 496 1631 530 1683; x_wconf 92' lang='lat' dir='ltr'>et</span> <span class='ocrx_word' id='word_1_91' title='bbox 556 1641 659 1705; x_wconf 81' lang='lat' dir='ltr'>genus</span> <span class='ocrx_word' id='word_1_92' title='bbox 686 1623 860 1687; x_wconf 84' lang='lat' dir='ltr'>Arabicum</span> <span class='ocrx_word' id='word_1_93' title='bbox 887 1634 973 1688; x_wconf 90' lang='lat' dir='ltr'>tuom</span> <span class='ocrx_word' id='word_1_94' title='bbox 1004 1626 1183 1706; x_wconf 88' lang='lat' dir='ltr'>antiquum,</span> <span class='ocrx_word' id='word_1_95' title='bbox 1210 1643 1251 1688; x_wconf 88' lang='lat' dir='ltr'>ue</span> 
     </span>
     <span class='ocr_line' id='line_1_13' title="bbox 162 1727 1251 1812; baseline 0 -20"><span class='ocrx_word' id='word_1_96' title='bbox 162 1749 267 1812; x_wconf 85' lang='lat' dir='ltr'>poena</span> <span class='ocrx_word' id='word_1_97' title='bbox 292 1739 346 1793; x_wconf 88' lang='lat' dir='ltr'>tua</span> <span class='ocrx_word' id='word_1_98' title='bbox 372 1751 425 1792; x_wconf 90' lang='lat' dir='ltr'>me</span> <span class='ocrx_word' id='word_1_99' title='bbox 449 1729 573 1812; x_wconf 82' lang='lat' dir='ltr'>affligat</span> <span class='ocrx_word' id='word_1_100' title='bbox 599 1739 656 1792; x_wconf 90' lang='lat' dir='ltr'>aut</span> <span class='ocrx_word' id='word_1_101' title='bbox 682 1728 789 1793; x_wconf 88' lang='lat' dir='ltr'>subito</span> <span class='ocrx_word' id='word_1_102' title='bbox 810 1731 928 1812; x_wconf 89' lang='lat' dir='ltr'>punitio</span> <span class='ocrx_word' id='word_1_103' title='bbox 955 1741 1011 1793; x_wconf 87' lang='lat' dir='ltr'>tua</span> <span class='ocrx_word' id='word_1_104' title='bbox 1031 1727 1106 1794; x_wconf 87' lang='lat' dir='ltr'>mihi</span> <span class='ocrx_word' id='word_1_105' title='bbox 1134 1750 1251 1812; x_wconf 88' lang='lat' dir='ltr'>super-</span> 
     </span>
     <span class='ocr_line' id='line_1_14' title="bbox 163 1836 1250 1924; baseline 0 -26"><span class='ocrx_word' id='word_1_106' title='bbox 163 1837 287 1921; x_wconf 79' lang='lat' dir='ltr'>veniat,</span> <span class='ocrx_word' id='word_1_107' title='bbox 315 1846 484 1918; x_wconf 86' lang='lat' dir='ltr'>antequam</span> <span class='ocrx_word' id='word_1_108' title='bbox 508 1836 668 1898; x_wconf 89' lang='lat' dir='ltr'>bominum</span> <span class='ocrx_word' id='word_1_109' title='bbox 694 1837 861 1901; x_wconf 88' lang='lat' dir='ltr'>mendacia</span> <span class='ocrx_word' id='word_1_110' title='bbox 881 1838 1071 1924; x_wconf 86' lang='lat' dir='ltr'>fabulasque</span> <span class='ocrx_word' id='word_1_111' title='bbox 1091 1837 1250 1918; x_wconf 88' lang='lat' dir='ltr'>perquisi-</span> 
     </span>
     <span class='ocr_line' id='line_1_15' title="bbox 161 1935 1249 2024; baseline 0.001 -18"><span class='ocrx_word' id='word_1_112' title='bbox 161 1945 248 2007; x_wconf 84' lang='lat' dir='ltr'>veris</span> <span class='ocrx_word' id='word_1_113' title='bbox 276 1957 310 2006; x_wconf 90' lang='lat' dir='ltr'>et</span> <span class='ocrx_word' id='word_1_114' title='bbox 335 1953 554 2024; x_wconf 86' lang='lat' dir='ltr'>perscrutatus</span> <span class='ocrx_word' id='word_1_115' title='bbox 581 1935 644 2006; x_wconf 89' lang='lat' dir='ltr'>sis!</span> <span class='ocrx_word' id='word_1_116' title='bbox 673 1944 892 2009; x_wconf 86' lang='lat' dir='ltr'>Alnobmanus</span> <span class='ocrx_word' id='word_1_117' title='bbox 913 1940 1035 2009; x_wconf 88' lang='lat' dir='ltr'>interim</span> <span class='ocrx_word' id='word_1_118' title='bbox 1057 1945 1249 2007; x_wconf 81' lang='lat' dir='ltr'>advocatum</span> 
     </span>
     <span class='ocr_line' id='line_1_16' title="bbox 159 2049 1248 2134; baseline -0.002 -20"><span class='ocrx_word' id='word_1_119' title='bbox 159 2051 313 2114; x_wconf 86' lang='lat' dir='ltr'>Kazirum</span> <span class='ocrx_word' id='word_1_120' title='bbox 335 2051 550 2134; x_wconf 86' lang='lat' dir='ltr'>interrogavit.</span> <span class='ocrx_word' id='word_1_121' title='bbox 586 2049 765 2133; x_wconf 79' lang='lat' dir='ltr'>Respondit</span> <span class='ocrx_word' id='word_1_122' title='bbox 785 2051 854 2114; x_wconf 89' lang='lat' dir='ltr'>ille:</span> <span class='ocrx_word' id='word_1_123' title='bbox 875 2053 931 2116; x_wconf 88' lang='lat' dir='ltr'>Nil</span> <span class='ocrx_word' id='word_1_124' title='bbox 953 2052 1071 2114; x_wconf 87' lang='lat' dir='ltr'>sinistri</span> <span class='ocrx_word' id='word_1_125' title='bbox 1091 2051 1146 2114; x_wconf 92' lang='lat' dir='ltr'>tibi</span> <span class='ocrx_word' id='word_1_126' title='bbox 1167 2067 1248 2112; x_wconf 76' lang='lat' dir='ltr'>eve-</span> 
     </span>
     <span class='ocr_line' id='line_1_17' title="bbox 158 2149 1252 2242; baseline 0 -22"><span class='ocrx_word' id='word_1_127' title='bbox 158 2149 241 2221; x_wconf 81' lang='lat' dir='ltr'>niat!</span> <span class='ocrx_word' id='word_1_128' title='bbox 270 2159 334 2221; x_wconf 91' lang='lat' dir='ltr'>Per</span> <span class='ocrx_word' id='word_1_129' title='bbox 355 2157 540 2240; x_wconf 84' lang='lat' dir='ltr'>dignitatem</span> <span class='ocrx_word' id='word_1_130' title='bbox 561 2165 648 2222; x_wconf 88' lang='lat' dir='ltr'>tuam</span> <span class='ocrx_word' id='word_1_131' title='bbox 675 2159 757 2238; x_wconf 83' lang='lat' dir='ltr'>iur03</span> <span class='ocrx_word' id='word_1_132' title='bbox 786 2178 861 2222; x_wconf 91' lang='lat' dir='ltr'>eum</span> <span class='ocrx_word' id='word_1_133' title='bbox 881 2168 992 2241; x_wconf 84' lang='lat' dir='ltr'>satyra</span> <span class='ocrx_word' id='word_1_134' title='bbox 1012 2155 1197 2242; x_wconf 84' lang='lat' dir='ltr'>perstrinxit</span> <span class='ocrx_word' id='word_1_135' title='bbox 1218 2168 1252 2220; x_wconf 85' lang='lat' dir='ltr'>et</span> 
     </span>
     <span class='ocr_line' id='line_1_18' title="bbox 158 2265 1250 2349; baseline -0.003 -20"><span class='ocrx_word' id='word_1_136' title='bbox 158 2288 251 2329; x_wconf 90' lang='lat' dir='ltr'>nemo</span> <span class='ocrx_word' id='word_1_137' title='bbox 268 2267 328 2328; x_wconf 90' lang='lat' dir='ltr'>nisi</span> <span class='ocrx_word' id='word_1_138' title='bbox 342 2266 394 2328; x_wconf 89' lang='lat' dir='ltr'>hic</span> <span class='ocrx_word' id='word_1_139' title='bbox 412 2285 464 2328; x_wconf 90' lang='lat' dir='ltr'>me</span> <span class='ocrx_word' id='word_1_140' title='bbox 483 2265 629 2349; x_wconf 85' lang='lat' dir='ltr'>rogavit,</span> <span class='ocrx_word' id='word_1_141' title='bbox 643 2277 677 2328; x_wconf 91' lang='lat' dir='ltr'>ut</span> <span class='ocrx_word' id='word_1_142' title='bbox 692 2267 762 2328; x_wconf 89' lang='lat' dir='ltr'>illos</span> <span class='ocrx_word' id='word_1_143' title='bbox 781 2285 896 2329; x_wconf 87' lang='lat' dir='ltr'>versus</span> <span class='ocrx_word' id='word_1_144' title='bbox 913 2267 1037 2347; x_wconf 91' lang='lat' dir='ltr'>abipso</span> <span class='ocrx_word' id='word_1_145' title='bbox 1055 2267 1250 2347; x_wconf 86' lang='lat' dir='ltr'>compositos</span> 
     </span>
     <span class='ocr_line' id='line_1_19' title="bbox 159 2357 1249 2458; baseline -0.004 -20"><span class='ocrx_word' id='word_1_146' title='bbox 159 2373 350 2458; x_wconf 78' lang='lat' dir='ltr'>adlegarem.</span> <span class='ocrx_word' id='word_1_147' title='bbox 393 2374 475 2436; x_wconf 80' lang='lat' dir='ltr'>&#39;l&#39;mn</span> <span class='ocrx_word' id='word_1_148' title='bbox 495 2357 711 2436; x_wconf 82' lang='lat' dir='ltr'>Meehalisus:</span> <span class='ocrx_word' id='word_1_149' title='bbox 740 2371 796 2436; x_wconf 85' lang='lat' dir='ltr'>Ne</span> <span class='ocrx_word' id='word_1_150' title='bbox 815 2368 977 2436; x_wconf 85' lang='lat' dir='ltr'>mendacis</span> <span class='ocrx_word' id='word_1_151' title='bbox 997 2375 1115 2456; x_wconf 86' lang='lat' dir='ltr'>verba,</span> <span class='ocrx_word' id='word_1_152' title='bbox 1137 2394 1157 2435; x_wconf 93' lang='lat' dir='ltr'>o</span> <span class='ocrx_word' id='word_1_153' title='bbox 1178 2390 1249 2453; x_wconf 88' lang='lat' dir='ltr'>rex,</span> 
     </span>
     <span class='ocr_line' id='line_1_20' title="bbox 160 2473 1250 2566; baseline -0.004 -19"><span class='ocrx_word' id='word_1_154' title='bbox 160 2487 297 2547; x_wconf 85' lang='lat' dir='ltr'>animum</span> <span class='ocrx_word' id='word_1_155' title='bbox 323 2492 411 2545; x_wconf 91' lang='lat' dir='ltr'>tuum</span> <span class='ocrx_word' id='word_1_156' title='bbox 439 2473 615 2566; x_wconf 77' lang='lat' dir='ltr'>occupent,</span> <span class='ocrx_word' id='word_1_157' title='bbox 642 2501 747 2563; x_wconf 88' lang='lat' dir='ltr'>neque</span> <span class='ocrx_word' id='word_1_158' title='bbox 772 2501 824 2544; x_wconf 89' lang='lat' dir='ltr'>me</span> <span class='ocrx_word' id='word_1_159' title='bbox 851 2484 914 2544; x_wconf 87' lang='lat' dir='ltr'>viis</span> <span class='ocrx_word' id='word_1_160' title='bbox 938 2482 1081 2544; x_wconf 86' lang='lat' dir='ltr'>interitus</span> <span class='ocrx_word' id='word_1_161' title='bbox 1102 2481 1250 2544; x_wconf 86' lang='lat' dir='ltr'>incedere</span> 
     </span>
     <span class='ocr_line' id='line_1_21' title="bbox 57 2573 1246 2675; baseline -0.004 -20"><span class='ocrx_word' id='word_1_162' title='bbox 57 2573 66 2588; x_wconf 37' lang='lat'>&#39;⁶</span> <span class='ocrx_word' id='word_1_163' title='bbox 97 2583 100 2586; x_wconf 71' lang='grc'><strong>’</strong></span> <span class='ocrx_word' id='word_1_164' title='bbox 159 2587 248 2654; x_wconf 85' lang='lat' dir='ltr'>iube!</span> <span class='ocrx_word' id='word_1_165' title='bbox 278 2593 332 2654; x_wconf 77' lang='lat' dir='ltr'>lix</span> <span class='ocrx_word' id='word_1_166' title='bbox 351 2591 477 2675; x_wconf 84' lang='lat' dir='ltr'>verbis,</span> <span class='ocrx_word' id='word_1_167' title='bbox 498 2609 550 2652; x_wconf 90' lang='lat' dir='ltr'>me</span> <span class='ocrx_word' id='word_1_168' title='bbox 571 2593 601 2651; x_wconf 90' lang='lat' dir='ltr'>ei</span> <span class='ocrx_word' id='word_1_169' title='bbox 622 2588 819 2671; x_wconf 81' lang='lat' dir='ltr'>adlegandes</span> <span class='ocrx_word' id='word_1_170' title='bbox 843 2605 959 2651; x_wconf 87' lang='lat' dir='ltr'>versus</span> <span class='ocrx_word' id='word_1_171' title='bbox 980 2591 1154 2670; x_wconf 79' lang='lat' dir='ltr'>recitasse,</span> <span class='ocrx_word' id='word_1_172' title='bbox 1177 2588 1246 2650; x_wconf 75' lang='lat' dir='ltr'>eiu</span> 
     </span>
     <span class='ocr_line' id='line_1_22' title="bbox 159 2694 1249 2785; baseline -0.004 -23"><span class='ocrx_word' id='word_1_173' title='bbox 159 2698 358 2762; x_wconf 86' lang='lat' dir='ltr'>mendacium</span> <span class='ocrx_word' id='word_1_174' title='bbox 386 2713 586 2785; x_wconf 80' lang='lat' dir='ltr'>cognoscere</span> <span class='ocrx_word' id='word_1_175' title='bbox 611 2707 720 2780; x_wconf 89' lang='lat' dir='ltr'>potes,</span> <span class='ocrx_word' id='word_1_176' title='bbox 750 2712 846 2781; x_wconf 75' lang='lat' dir='ltr'>quum</span> <span class='ocrx_word' id='word_1_177' title='bbox 872 2706 907 2758; x_wconf 88' lang='lat' dir='ltr'>tu</span> <span class='ocrx_word' id='word_1_178' title='bbox 927 2715 981 2758; x_wconf 85' lang='lat' dir='ltr'>me</span> <span class='ocrx_word' id='word_1_179' title='bbox 1000 2697 1070 2757; x_wconf 84' lang='lat' dir='ltr'>eius</span> <span class='ocrx_word' id='word_1_180' title='bbox 1092 2694 1249 2758; x_wconf 88' lang='lat' dir='ltr'>inimicum</span> 
     </span>
     <span class='ocr_line' id='line_1_23' title="bbox 160 2801 1249 2888; baseline -0.004 -19"><span class='ocrx_word' id='word_1_181' title='bbox 160 2825 235 2869; x_wconf 87' lang='lat' dir='ltr'>esse</span> <span class='ocrx_word' id='word_1_182' title='bbox 262 2806 347 2866; x_wconf 88' lang='lat' dir='ltr'>scias</span> <span class='ocrx_word' id='word_1_183' title='bbox 357 2801 397 2883; x_wconf 83' lang='lat'>¹).</span> <span class='ocrx_word' id='word_1_184' title='bbox 439 2805 513 2867; x_wconf 88' lang='lat' dir='ltr'>llac</span> <span class='ocrx_word' id='word_1_185' title='bbox 533 2823 612 2867; x_wconf 89' lang='lat' dir='ltr'>vero</span> <span class='ocrx_word' id='word_1_186' title='bbox 634 2825 676 2867; x_wconf 85' lang='lat' dir='ltr'>ex</span> <span class='ocrx_word' id='word_1_187' title='bbox 697 2824 745 2884; x_wconf 92' lang='lat' dir='ltr'>re,</span> <span class='ocrx_word' id='word_1_188' title='bbox 775 2823 847 2866; x_wconf 90' lang='lat' dir='ltr'>eum</span> <span class='ocrx_word' id='word_1_189' title='bbox 867 2816 982 2866; x_wconf 83' lang='lat' dir='ltr'>verum</span> <span class='ocrx_word' id='word_1_190' title='bbox 1003 2802 1137 2888; x_wconf 82' lang='lat' dir='ltr'>dixisse,</span> <span class='ocrx_word' id='word_1_191' title='bbox 1165 2817 1249 2886; x_wconf 83' lang='lat' dir='ltr'>eog-</span> 
     </span>
     <span class='ocr_line' id='line_1_24' title="bbox 158 2909 1247 2994; baseline -0.004 -18"><span class='ocrx_word' id='word_1_192' title='bbox 158 2931 297 2978; x_wconf 78' lang='lat' dir='ltr'>noscens</span> <span class='ocrx_word' id='word_1_193' title='bbox 323 2911 542 2974; x_wconf 86' lang='lat' dir='ltr'>Alnohmanus</span> <span class='ocrx_word' id='word_1_194' title='bbox 578 2920 742 2994; x_wconf 83' lang='lat' dir='ltr'>utrumque</span> <span class='ocrx_word' id='word_1_195' title='bbox 777 2909 899 2971; x_wconf 85' lang='lat' dir='ltr'>dimisit.</span> <span class='ocrx_word' id='word_1_196' title='bbox 948 2909 1147 2973; x_wconf 81' lang='lat' dir='ltr'>Mochalisus</span> <span class='ocrx_word' id='word_1_197' title='bbox 1179 2917 1247 2972; x_wconf 91' lang='lat' dir='ltr'>tum</span> 
     </span>
     <span class='ocr_line' id='line_1_25' title="bbox 159 3016 1248 3100; baseline -0.003 -17"><span class='ocrx_word' id='word_1_198' title='bbox 159 3021 278 3083; x_wconf 81' lang='lat' dir='ltr'>Kazire</span> <span class='ocrx_word' id='word_1_199' title='bbox 299 3019 429 3081; x_wconf 84' lang='lat' dir='ltr'>exeunti</span> <span class='ocrx_word' id='word_1_200' title='bbox 454 3017 542 3080; x_wconf 79' lang='lat' dir='ltr'>dixit.</span> <span class='ocrx_word' id='word_1_201' title='bbox 583 3017 706 3081; x_wconf 84' lang='lat' dir='ltr'>Misera</span> <span class='ocrx_word' id='word_1_202' title='bbox 731 3016 792 3079; x_wconf 87' lang='lat' dir='ltr'>fuit</span> <span class='ocrx_word' id='word_1_203' title='bbox 812 3016 938 3078; x_wconf 72' lang='lat' dir='ltr'>fortium</span> <span class='ocrx_word' id='word_1_204' title='bbox 958 3025 1014 3078; x_wconf 88' lang='lat' dir='ltr'>tua</span> <span class='ocrx_word' id='word_1_205' title='bbox 1035 3025 1067 3078; x_wconf 91' lang='lat' dir='ltr'>et</span> <span class='ocrx_word' id='word_1_206' title='bbox 1087 3035 1172 3100; x_wconf 84' lang='lat' dir='ltr'>gena</span> <span class='ocrx_word' id='word_1_207' title='bbox 1193 3025 1248 3080; x_wconf 85' lang='lat' dir='ltr'>tua</span> 
     </span>
     <span class='ocr_line' id='line_1_26' title="bbox 160 3123 1249 3210; baseline 0 -20"><span class='ocrx_word' id='word_1_208' title='bbox 160 3128 326 3210; x_wconf 87' lang='lat' dir='ltr'>depressa,</span> <span class='ocrx_word' id='word_1_209' title='bbox 356 3127 458 3188; x_wconf 81' lang='lat' dir='ltr'>mauis</span> <span class='ocrx_word' id='word_1_210' title='bbox 481 3125 540 3188; x_wconf 81' lang='lat' dir='ltr'>tuit</span> <span class='ocrx_word' id='word_1_211' title='bbox 562 3125 652 3188; x_wconf 87' lang='lat' dir='ltr'>dolus</span> <span class='ocrx_word' id='word_1_212' title='bbox 674 3136 746 3189; x_wconf 91' lang='lat' dir='ltr'>tuus</span> <span class='ocrx_word' id='word_1_213' title='bbox 770 3134 803 3186; x_wconf 89' lang='lat' dir='ltr'>et</span> <span class='ocrx_word' id='word_1_214' title='bbox 823 3124 1000 3187; x_wconf 88' lang='lat' dir='ltr'>hominibus</span> <span class='ocrx_word' id='word_1_215' title='bbox 1022 3123 1140 3186; x_wconf 91' lang='lat' dir='ltr'>crimen</span> <span class='ocrx_word' id='word_1_216' title='bbox 1161 3134 1249 3190; x_wconf 87' lang='lat' dir='ltr'>tuom</span> 
     </span>
     <span class='ocr_line' id='line_1_27' title="bbox 157 3230 1250 3317; baseline -0.005 -18"><span class='ocrx_word' id='word_1_217' title='bbox 157 3237 359 3300; x_wconf 84' lang='lat' dir='ltr'>manifestum</span> <span class='ocrx_word' id='word_1_218' title='bbox 381 3235 438 3296; x_wconf 84' lang='lat' dir='ltr'>fuit</span> <span class='ocrx_word' id='word_1_219' title='bbox 459 3245 492 3296; x_wconf 91' lang='lat' dir='ltr'>et</span> <span class='ocrx_word' id='word_1_220' title='bbox 512 3233 632 3317; x_wconf 83' lang='lat' dir='ltr'>sagitte</span> <span class='ocrx_word' id='word_1_221' title='bbox 653 3241 708 3296; x_wconf 90' lang='lat' dir='ltr'>tua</span> <span class='ocrx_word' id='word_1_222' title='bbox 729 3253 780 3295; x_wconf 90' lang='lat' dir='ltr'>me</span> <span class='ocrx_word' id='word_1_223' title='bbox 806 3252 868 3295; x_wconf 88' lang='lat' dir='ltr'>uon</span> <span class='ocrx_word' id='word_1_224' title='bbox 884 3230 1069 3295; x_wconf 64' lang='lat' dir='ltr'>succrevit</span> <span class='ocrx_word' id='word_1_225' title='bbox 1090 3240 1124 3294; x_wconf 89' lang='lat' dir='ltr'>et</span> <span class='ocrx_word' id='word_1_226' title='bbox 1144 3251 1250 3316; x_wconf 81' lang='lat' dir='ltr'>augu-</span> 
     </span>
     <span class='ocr_line' id='line_1_28' title="bbox 158 3335 1250 3425; baseline -0.005 -18"><span class='ocrx_word' id='word_1_227' title='bbox 158 3347 239 3407; x_wconf 85' lang='lat' dir='ltr'>stius</span> <span class='ocrx_word' id='word_1_228' title='bbox 268 3343 421 3425; x_wconf 87' lang='lat' dir='ltr'>gremium</span> <span class='ocrx_word' id='word_1_229' title='bbox 449 3341 551 3402; x_wconf 89' lang='lat' dir='ltr'>babes</span> <span class='ocrx_word' id='word_1_230' title='bbox 579 3358 673 3422; x_wconf 88' lang='lat' dir='ltr'>quam</span> <span class='ocrx_word' id='word_1_231' title='bbox 707 3351 810 3403; x_wconf 89' lang='lat' dir='ltr'>rostro</span> <span class='ocrx_word' id='word_1_232' title='bbox 839 3355 987 3424; x_wconf 84' lang='lat' dir='ltr'>pungens</span> <span class='ocrx_word' id='word_1_233' title='bbox 1017 3335 1189 3420; x_wconf 81' lang='lat' dir='ltr'>(passer²)</span> <span class='ocrx_word' id='word_1_234' title='bbox 1218 3347 1250 3402; x_wconf 90' lang='lat' dir='ltr'>et</span> 
     </span>
     <span class='ocr_line' id='line_1_29' title="bbox 157 3447 1249 3531; baseline -0.003 -18"><span class='ocrx_word' id='word_1_235' title='bbox 157 3451 286 3514; x_wconf 87' lang='lat' dir='ltr'>minoris</span> <span class='ocrx_word' id='word_1_236' title='bbox 313 3447 536 3529; x_wconf 77' lang='lat' dir='ltr'>hospitalitatis</span> <span class='ocrx_word' id='word_1_237' title='bbox 564 3465 621 3530; x_wconf 89' lang='lat' dir='ltr'>es,</span> <span class='ocrx_word' id='word_1_238' title='bbox 650 3467 743 3531; x_wconf 88' lang='lat' dir='ltr'>quam</span> <span class='ocrx_word' id='word_1_239' title='bbox 769 3447 815 3531; x_wconf 81' lang='lat' dir='ltr'>is,</span> <span class='ocrx_word' id='word_1_240' title='bbox 845 3448 899 3529; x_wconf 90' lang='lat' dir='ltr'>qui</span> <span class='ocrx_word' id='word_1_241' title='bbox 920 3463 1016 3528; x_wconf 87' lang='lat' dir='ltr'>super</span> <span class='ocrx_word' id='word_1_242' title='bbox 1037 3447 1135 3508; x_wconf 88' lang='lat' dir='ltr'>ariete</span> <span class='ocrx_word' id='word_1_243' title='bbox 1157 3465 1249 3510; x_wconf 89' lang='lat' dir='ltr'>com-</span> 
     </span>
    </p>
   </div>
   <div class='ocr_carea' id='block_1_3' title="bbox 157 3563 662 3700">
    <p class='ocr_par' dir='ltr' id='par_1_3' title="bbox 157 3563 662 3700">
     <span class='ocr_line' id='line_1_30' title="bbox 157 3563 451 3639; baseline -0.027 -18"><span class='ocrx_word' id='word_1_244' title='bbox 157 3566 297 3622; x_wconf 88' lang='lat' dir='ltr'>meatum</span> <span class='ocrx_word' id='word_1_245' title='bbox 316 3563 451 3639; x_wconf 78' lang='lat' dir='ltr'>portatu</span> 
     </span>
     <span class='ocr_line' id='line_1_31' title="bbox 421 3651 662 3700; baseline 0 -2"><span class='ocrx_word' id='word_1_246' title='bbox 421 3662 513 3700; x_wconf 47' lang='lat' dir='ltr'>&gt;aaa</span> <span class='ocrx_word' id='word_1_247' title='bbox 594 3651 662 3698; x_wconf 62' lang='lat' dir='ltr'>Soa</span> 
     </span>
    </p>
   </div>
   <div class='ocr_carea' id='block_1_4' title="bbox 416 3674 851 3848">
    <p class='ocr_par' dir='ltr' id='par_1_4' title="bbox 416 3674 851 3848">
     <span class='ocr_line' id='line_1_32' title="bbox 416 3674 851 3848; baseline -0.007 -54"><span class='ocrx_word' id='word_1_248' title='bbox 416 3674 851 3848; x_wconf 41' lang='grc' dir='ltr'>λέμμ’</span> 
     </span>
    </p>
   </div>
   <div class='ocr_carea' id='block_1_5' title="bbox 174 3927 1249 4360">
    <p class='ocr_par' dir='ltr' id='par_1_5' title="bbox 175 3927 1249 4270">
     <span class='ocr_line' id='line_1_33' title="bbox 175 3927 1249 3994; baseline 0.002 -16"><span class='ocrx_word' id='word_1_249' title='bbox 175 3928 206 3985; x_wconf 86' lang='grc'>1)</span> <span class='ocrx_word' id='word_1_250' title='bbox 223 3927 361 3977; x_wconf 77' lang='lat' dir='ltr'>Amicitiae</span> <span class='ocrx_word' id='word_1_251' title='bbox 378 3927 500 3978; x_wconf 75' lang='lat' dir='ltr'>indiciam</span> <span class='ocrx_word' id='word_1_252' title='bbox 517 3934 588 3992; x_wconf 82' lang='lat' dir='ltr'>erat,</span> <span class='ocrx_word' id='word_1_253' title='bbox 603 3930 675 3991; x_wconf 78' lang='lat' dir='ltr'>quod</span> <span class='ocrx_word' id='word_1_254' title='bbox 691 3937 773 3990; x_wconf 82' lang='lat' dir='ltr'>poete</span> <span class='ocrx_word' id='word_1_255' title='bbox 789 3941 885 3978; x_wconf 78' lang='lat' dir='ltr'>versus</span> <span class='ocrx_word' id='word_1_256' title='bbox 903 3941 968 3980; x_wconf 79' lang='lat' dir='ltr'>suos</span> <span class='ocrx_word' id='word_1_257' title='bbox 984 3928 1064 3978; x_wconf 82' lang='lat' dir='ltr'>alteri</span> <span class='ocrx_word' id='word_1_258' title='bbox 1080 3929 1249 3994; x_wconf 73' lang='lat' dir='ltr'>adlegsedos</span> 
     </span>
     <span class='ocr_line' id='line_1_34' title="bbox 223 4019 1248 4098; baseline 0.006 -28"><span class='ocrx_word' id='word_1_259' title='bbox 223 4019 367 4084; x_wconf 77' lang='lat' dir='ltr'>recitabat,</span> <span class='ocrx_word' id='word_1_260' title='bbox 392 4031 440 4083; x_wconf 90' lang='lat' dir='ltr'>per</span> <span class='ocrx_word' id='word_1_261' title='bbox 460 4033 540 4098; x_wconf 70' lang='lat' dir='ltr'>quem</span> <span class='ocrx_word' id='word_1_262' title='bbox 555 4020 637 4086; x_wconf 84' lang='lat' dir='ltr'>igitur</span> <span class='ocrx_word' id='word_1_263' title='bbox 659 4019 773 4084; x_wconf 80' lang='lat' dir='ltr'>posteris</span> <span class='ocrx_word' id='word_1_264' title='bbox 790 4021 973 4072; x_wconf 84' lang='lat' dir='ltr'>tradebantur.</span> <span class='ocrx_word' id='word_1_265' title='bbox 1012 4022 1065 4072; x_wconf 82' lang='lat' dir='ltr'>vir</span> <span class='ocrx_word' id='word_1_266' title='bbox 1086 4023 1130 4087; x_wconf 81' lang='lat' dir='ltr'>qui</span> <span class='ocrx_word' id='word_1_267' title='bbox 1151 4031 1248 4088; x_wconf 82' lang='lat' dir='ltr'>poetae</span> 
     </span>
     <span class='ocr_line' id='line_1_35' title="bbox 224 4111 1249 4178; baseline 0.008 -18"><span class='ocrx_word' id='word_1_268' title='bbox 224 4122 320 4162; x_wconf 71' lang='lat' dir='ltr'>remus</span> <span class='ocrx_word' id='word_1_269' title='bbox 336 4111 481 4162; x_wconf 80' lang='lat' dir='ltr'>memoriae</span> <span class='ocrx_word' id='word_1_270' title='bbox 496 4113 649 4178; x_wconf 75' lang='lat' dir='ltr'>meabat,</span> <span class='ocrx_word' id='word_1_271' title='bbox 667 4112 724 4162; x_wconf 81' lang='lat' dir='ltr'>eius</span> <span class='ocrx_word' id='word_1_272' title='bbox 740 4111 837 4162; x_wconf 80' lang='lat' dir='ltr'>ltawi</span> <span class='ocrx_word' id='word_1_273' title='bbox 854 4112 1048 4176; x_wconf 79' lang='lat' dir='ltr'>appellabatur.</span> <span class='ocrx_word' id='word_1_274' title='bbox 1083 4116 1160 4168; x_wconf 77' lang='lat' dir='ltr'>cent.</span> <span class='ocrx_word' id='word_1_275' title='bbox 1177 4117 1195 4168; x_wconf 88' lang='lat' dir='ltr'>l.</span> <span class='ocrx_word' id='word_1_276' title='bbox 1212 4132 1249 4170; x_wconf 84' lang='lat' dir='ltr'>ru.</span> 
     </span>
     <span class='ocr_line' id='line_1_36' title="bbox 222 4201 1051 4270; baseline 0.005 -19"><span class='ocrx_word' id='word_1_277' title='bbox 222 4203 421 4266; x_wconf 74' lang='lat' dir='ltr'>„ltarstelluag</span> <span class='ocrx_word' id='word_1_278' title='bbox 438 4205 463 4253; x_wconf 90' lang='lat' dir='ltr'>d.</span> <span class='ocrx_word' id='word_1_279' title='bbox 480 4205 561 4254; x_wconf 80' lang='lat' dir='ltr'>Arab.</span> <span class='ocrx_word' id='word_1_280' title='bbox 578 4201 703 4252; x_wconf 70' lang='lat' dir='ltr'>Versk“</span> <span class='ocrx_word' id='word_1_281' title='bbox 718 4205 834 4268; x_wconf 65' lang='lat' dir='ltr'>Anhang</span> <span class='ocrx_word' id='word_1_282' title='bbox 851 4205 878 4268; x_wconf 79' lang='lat'>8,</span> <span class='ocrx_word' id='word_1_283' title='bbox 896 4217 925 4266; x_wconf 86' lang='lat' dir='ltr'>p.</span> <span class='ocrx_word' id='word_1_284' title='bbox 939 4204 994 4252; x_wconf 74' lang='lat'>898</span> <span class='ocrx_word' id='word_1_285' title='bbox 1011 4218 1051 4270; x_wconf 78' lang='lat' dir='ltr'>aq.</span> 
     </span>
    </p>

    <p class='ocr_par' dir='ltr' id='par_1_6' title="bbox 174 4291 1045 4360">
     <span class='ocr_line' id='line_1_37' title="bbox 174 4291 1045 4360; baseline 0.006 -18"><span class='ocrx_word' id='word_1_286' title='bbox 174 4291 206 4352; x_wconf 77' lang='lat'>2)</span> <span class='ocrx_word' id='word_1_287' title='bbox 223 4293 321 4345; x_wconf 73' lang='lat' dir='ltr'>Tutela</span> <span class='ocrx_word' id='word_1_288' title='bbox 336 4299 385 4346; x_wconf 83' lang='lat' dir='ltr'>tua</span> <span class='ocrx_word' id='word_1_289' title='bbox 400 4293 486 4346; x_wconf 82' lang='lat' dir='ltr'>minua</span> <span class='ocrx_word' id='word_1_290' title='bbox 503 4296 649 4348; x_wconf 68' lang='lat' dir='ltr'>defendent</span> <span class='ocrx_word' id='word_1_291' title='bbox 666 4295 736 4347; x_wconf 84' lang='lat' dir='ltr'>alios</span> <span class='ocrx_word' id='word_1_292' title='bbox 752 4301 831 4360; x_wconf 80' lang='lat' dir='ltr'>pote·</span> <span class='ocrx_word' id='word_1_293' title='bbox 847 4307 925 4360; x_wconf 77' lang='lat' dir='ltr'>quarn</span> <span class='ocrx_word' id='word_1_294' title='bbox 942 4307 1045 4360; x_wconf 79' lang='lat' dir='ltr'>passer.</span> 
     </span>
    </p>
   </div>
   <div class='ocr_carea' id='block_1_6' title="bbox 0 0 1496 4934">
    <p class='ocr_par' dir='ltr' id='par_1_7' title="bbox 0 0 1496 4934">
     <span class='ocr_line' id='line_1_38' title="bbox 0 0 1496 4934; baseline 0 0"><span class='ocrx_word' id='word_1_295' title='bbox 0 0 1496 4934; x_wconf 95' lang='lat' dir='ltr'> </span> 
     </span>
    </p>
   </div>
  </div>
 </body>
</html>
