3010 4936
618 321 844 382 „119-

185 500 281 562 „lits
297 499 387 560 huius
410 497 471 560 diei
493 503 578 580 prior
597 517 673 582 pers
693 501 779 584 abiit,
802 511 909 566 nmen
930 519 1023 566 nene
1044 523 1116 566 oum
1132 523 1275 586 exspoc-

226 607 303 670 tanti
323 607 516 688 propinquus
539 608 625 671 erite

266 740 403 801 Mettum
432 758 547 802 versus
576 739 713 804 Wafir
742 747 802 803 est
825 740 909 802 conl.
930 742 950 802 l.
972 757 1000 802 o.
1022 760 1052 821 p.
1073 739 1145 804 203.
1189 742 1275 822 spes

184 865 255 910 eum
276 863 338 908 non
358 846 489 926 fefellit3
511 864 583 910 nam
604 855 734 927 postero
755 847 825 928 die,
855 868 949 930 quum
976 846 1130 910 moriendi
1150 854 1274 926 tempus

182 954 245 1015 ianr
264 954 416 1038 adesset,
444 957 550 1018 Arabs
571 957 622 1017 ille
643 975 781 1036 vespera
808 955 938 1018 advenit
960 965 993 1016 et
1013 957 1052 1018 ab
1074 954 1274 1016 Alnolrmano

182 1051 418 1146 interrogatus,
447 1082 503 1124 cur
531 1073 631 1126 morte
660 1065 810 1126 liberatus
837 1063 1005 1144 rediisset,
1027 1064 1076 1124 sic
1096 1060 1275 1141 respondit:

183 1170 355 1232 Promissis
382 1170 529 1234 standum
557 1190 651 1253 esse,
686 1169 802 1232 docere
834 1169 1019 1251 religionem
1050 1165 1274 1250 Christianam,

183 1275 234 1335 cui
254 1273 402 1336 addictus
425 1285 521 1337 esset.
550 1274 779 1357 Alnohmanus,
796 1282 830 1334 ut
851 1274 965 1334 elarius
987 1281 1161 1352 exponeret
1180 1273 1274 1334 istam

183 1377 377 1462 religionem,
399 1382 489 1444 iussit
512 1392 543 1445 et
565 1392 629 1444 tum
650 1401 689 1443 se
710 1383 811 1463 ipsum
827 1381 1039 1443 Christianum
1061 1381 1146 1441 feeit.
1189 1381 1274 1440 Hirre

184 1485 305 1546 incolae
327 1505 437 1548 omnes
467 1488 553 1572 regis
582 1489 760 1568 exemplum
790 1489 900 1549 imitati
928 1496 1012 1549 sunt.
1061 1488 1137 1550 Mor
1170 1497 1275 1550 autem

184 1587 246 1652 diei
266 1591 346 1658 illim
367 1593 497 1657 infausti
519 1595 691 1677 abrogatus
713 1603 772 1656 est.

466 1771 686 1928 ostii&
723 1761 841 1899 olii
873 1783 925 1954 {l
999 1823 1063 1904 rr

184 2034 266 2106 362.
319 2031 450 2105 Frater
476 2045 564 2105 tuus
591 2047 657 2123 est,
684 2033 751 2134 qui
778 2031 843 2104 tihi
868 1943 1042 2106 soiatium
1068 2027 1212 2104 adtulit.

265 2192 446 2276 Proverbii,
477 2191 560 2273 quod
578 2193 710 2256 fraterni
731 2194 849 2256 amoris
869 2191 1009 2254 officium
1031 2192 1203 2253 observare
1223 2193 1278 2253 lo·-

182 2302 248 2383 bet,
271 2299 422 2382 originem
444 2303 539 2362 talem
562 2300 662 2364 luisse
682 2309 819 2364 narrant.
861 2301 1081 2362 Aloolmonus
1101 2293 1276 2361 ben-'ilre-

182 2410 258 2471 web
278 2407 432 2491 Ahbdita,
452 2411 502 2470 vir
522 2411 649 2491 ingenio
671 2420 704 2472 et
725 2409 891 2491 prudentia
911 2409 1058 2492 insignis,
1081 2418 1147 2471 tres
1168 2409 1277 2470 habuit
1320 2399 1323 2410 ’

183 2517 264 2580 filos
287 2515 448 2602 Sahdum,
479 2519 635 2581 scindun
656 2528 689 2580 et
710 2517 906 2581 Sailrrlahnm
926 2518 1119 2601 appellatos,
1143 2536 1274 2599 quorum

184 2625 317 2706 quisque
337 2625 455 2684 virtute
477 2622 612 2705 quedem
634 2627 820 2686 excolebat
855 2625 970 2686 Mortis
993 2632 1135 2702 tompore
1156 2642 1274 2703 appro-

183 2732 354 2812 pinquante
374 2738 545 2811 praecepta
567 2730 724 2810 quaedam
746 2731 910 2792 cuiuslibet
925 2729 1095 2792 conditioni
1117 2729 1274 2811 quomodo

184 2840 407 2924 convenirent,
434 2837 506 2902 liliis
535 2847 625 2921 pater
652 2837 748 2900 dedit.
791 2839 943 2923 Sailrtlus,
966 2839 1026 2920 oui,
1049 2847 1083 2899 ut
1103 2840 1274 2902 amicorum

184 2949 340 3012 delectum
357 2947 514 3033 ‘haberet,
536 2948 761 3032 mandaverat,
783 2957 857 3028 post
877 2947 977 3028 petris
998 2954 1131 3033 mortem
1153 2950 1275 3013 amieos

183 3053 325 3120 tentandi
348 3057 511 3117 consilinm
534 3056 629 3137 cepit,
639 3054 772 3116 huiusce
794 3055 840 3114 rei
856 3071 956 3116 causa
970 3053 1103 3114 vitulum
1117 3064 1273 3140 mactans,

184 3176 220 3229 ut
241 3167 389 3228 vestibus
414 3175 535 3228 tectum
563 3165 721 3227 hominem
748 3162 889 3226 occisum
911 3179 985 3224 esse
1007 3170 1151 3243 potarent
1173 3165 1272 3226 amici

183 3271 235 3334 lle
255 3275 398 3350 perlecta
419 3294 439 3336 a
459 3274 608 3356 pluribus,
630 3282 663 3333 nt
684 3273 743 3333 sibl
763 3273 794 3333 in
816 3270 1004 3333 occultando
1019 3269 1143 3332 homine
1166 3272 1273 3335 occiso

183 3380 331 3441 auxilium
353 3389 561 3464 praestarent,
583 3381 681 3461 petiit.
711 3380 830 3443 Omnes
851 3379 958 3440 lacere
979 3377 1170 3439 recusabant
1189 3393 1274 3458 prce*

183 3493 232 3546 ter
253 3487 355 3549 virum
377 3487 511 3551 Hosaim
541 3484 742 3548 ben-Nauloi
762 3486 951 3548 Allrrlmdani
972 3487 1168 3567 appellatum.
1212 3483 1274 3562 Qui

184 3607 281 3672 quiem
307 3613 375 3654 rem
401 3593 597 3676 audivisset,
627 3613 665 3655 se
694 3595 850 3656 laetorum
879 3611 955 3658 esse
984 3593 1125 3674 promisit
1146 3598 1179 3650 et
1199 3607 1273 3653 num

183 3699 263 3762 elius
285 3699 427 3781 quidam,¹
444 3717 539 3780 quem
560 3679 690 3782 servus,
712 3702 764 3781 qni
779 3699 819 3762 ad
833 3699 943 3765 scindi
964 3701 1045 3763 letus
1066 3699 1182 3783 stabat,
1203 3715 1270 3760 rem

184 3808 409 3892 cognovisset,
439 3807 654 3890 interrogavit.
695 3807 865 3868 Neminem
893 3816 1018 3888 praetor
1046 3821 1174 3868 servum
1203 3824 1270 3866 rem

183 3913 279 3998 seire,
301 3911 464 3995 respondit
480 3911 630 3976 Sailrdus.
658 3914 747 3974 Alter
769 3922 873 3976 autem
894 3915 976 3975 haec
995 3910 1124 3974 audiens
1139 3926 1270 3973 servum

183 4018 353 4080 confestim
382 4017 487 4101 gladio
516 4018 632 4099 obruit,
646 4017 709 4080 'his
731 4020 838 4081 verbis
858 4027 968 4081 utens:
992 4019 1038 4089 eil
1053 4014 1097 4133 ἐξ
1112 4019 1269 4108 Mo...]

185 4143 280 4206 ”Non
303 4153 354 4206 est
376 4161 491 4206 servus
514 4144 569 4205 tibi
589 4143 704 4204 fratcre
730 4141 832 4222 (conf.
847 4141 1058 4226 xxl11,250,
1072 4139 1178 4227 nalal),
1200 4159 1268 4224 qun
1373 4207 1377 4212 ,

186 4256 302 4328 postea
328 4247 359 4308 in
380 4247 579 4328 proverbium
600 4258 763 4312 venenmt
805 4249 851 4311 At
872 4244 1010 4310 Saihdus
1032 4267 1067 4309 re
1087 4249 1270 4331 perterritus
