2982 4934
603 253 830 372 ..325-

168 499 266 552 norat.
289 490 336 552 lbi
349 509 370 552 a
388 492 515 573 captivo
538 491 570 552 in
586 491 736 555 auxilium
749 495 938 574 vocabatur,
962 502 996 554 ut
1018 514 1090 556 curn
1108 492 1265 557 liberaret.

167 598 317 660 Hatimus
345 598 388 658 nil
416 616 527 660 secum
555 579 678 659 babens
707 595 871 681 captivum
900 599 1050 684 redemit,
1085 617 1123 660 se
1147 601 1263 683 ipsum,

168 705 271 767 donec
305 707 441 787 pretium
474 725 494 768 a
528 707 595 768 suis
635 709 773 771 solutum
810 717 916 789 esset,
959 709 1095 771 vinculis
1127 707 1267 794 tradens.

168 815 342 898 Tempore,
373 833 434 895 quo
457 822 545 876 tanta
565 815 715 876 sterilitas
739 826 828 900 erat,
848 825 892 896 ,ut
912 798 983 900 ipsa
1005 817 1126 878 Hatimi
1147 817 1266 878 familia

166 921 296 1004 pen'uria
324 929 536 1004 premeretur,
567 921 672 1004 neque
699 921 848 1006 haberet,
886 942 946 1005 quo
975 924 1092 985 liberos
1120 925 1264 1005 satiaret,
1350 923 1353 934 ’

166 1029 302 1112 quadam
329 1037 423 1091 nocte
445 1030 515 1093 cibo
545 1007 714 1092 deficiente
718 1076 731 1115 7
761 1039 910 1113 parentes
941 1049 1018 1093 suos
1042 1031 1159 1093 liberos
1179 1033 1265 1094 lame

164 1137 311 1198 adfectos
332 1139 525 1218 sopiverant.
552 1141 633 1200 'l'um
644 1136 849 1201 Hatimus'eo
865 1146 1053 1221 occupatus,
1076 1119 1264 1201 ut'urorem

163 1246 267 1306 Maw
275 1245 285 1306 i
288 1244 303 1324 j
308 1243 383 1326 jah
409 1247 600 1328 appellatam
621 1264 769 1308 sermone
790 1230 925 1329 sopiret,
955 1246 1117 1309 mulierem
1134 1246 1261 1310 :dieen-
1305 1325 1308 1342 ι

164 1362 229 1415 tem
250 1339 439 1418 audiviti0
456 1347 701 1417 Abu-Saffanel
724 1356 901 1417 esurientes
922 1335 1061 1416 infantes
1084 1357 1262 1438 relinquens

162 1458 204 1522 ad
233 1469 265 1522 te
294 1449 453 1546 confugi.¹
476 1463 566 1524 'lum-
580 1445 700 1524 statim
731 1463 870 1524 infantes
908 1459 1069 1523 adducere
1097 1443 1261 1523 mulierem

163 1567 257 1630 iussit
283 1578 316 1631 et
343 1572 425 1652 equo
452 1587 510 1632 suo
527 1577 698 1655 mactato,
729 1570 822 1631 simul
844 1568 1020 1631 advocavit
1040 1569 1107 1629 vici
1127 1550 1261 1655 incolas,

162 1685 197 1737 ut
218 1674 384 1762 ederent7·
401 1679 471 1759 ipse
497 1678 539 1740 nil
565 1678 671 1740 carnis
694 1685 840 1759 tangens.
884 1673 976 1739 Gens
998 1675 1097 1757 Thai,
1127 1658 1260 1740 matrem

161 1763 431 1866 eius'''Gl1ani'Jjah
450 1767 658 1869 appellatam,
681 1786 778 1848 filiam
799 1783 907 1846 Ahnifi
929 1783 1110 1867 Thajjitae,
1134 1781 1260 1849 sumina

159 1890 347 1956 liberalitate
367 1893 488 1977 fuisse,
517 1902 692 1957 narrarunt.
737 1873 1033 1957 Scharaf-Aldinus
1056 1900 1163 1955 autem
1185 1894 1259 1956 eum

160 1983 398 2063 adolescentem
420 2009 510 2064 tanta
530 2002 718 2064 liberalitate
739 2001 841 2063 fuisse
863 2001 1019 2082 exemplis
1039 1999 1200 2082 probavit,
1225 2008 1261 2062 ut

158 2115 250 2188 pater
279 2126 351 2170 eum
378 2109 557 2191 relinquere
584 2117 765 2191 cogeretur.
808 2109 854 2170 At
876 2127 960 2186 vero
977 2107 1097 2169 Hatimi
1119 2107 1259 2170 liberali-

157 2222 209 2276 tas
231 2216 333 2276 notior
356 2223 420 2299 est,
442 2235 536 2299 quam
557 2225 592 2278 ut
611 2217 755 2298 pluribus
778 2215 988 2277 describatur.
1014 2213 1111 2295 Apud
1134 2213 1257 2276 Schult.

156 2341 246 2402 prov.
274 2323 374 2398 Meid.
403 2324 507 2386 fusius
535 2342 590 2384 res
618 2331 786 2385 tractatur.
831 2323 923 2384 Conl.
946 2343 975 2403 p.
1005 2320 1064 2383 133
1085 2339 1132 2402 sq.
1154 2304 1255 2383 Cani.

157 2425 303 2510 Gagnier
325 2429 366 2492 ad
386 2432 486 2493 vitam
507 2428 744 2493 Muhammedis
767 2451 796 2511 p.
821 2430 889 2492 121.

237 2947 297 3010 Vir
318 2948 381 3031 hio,
404 2957 542 3031 egente
563 2947 650 3029 Ajad
671 2948 835 3033 oriundum
857 2951 917 3012 iter
937 2949 1078 3011 faciebat
1099 2965 1171 3009 eum
1193 2964 1250 3008 so-

153 3055 275 3118 ciorum
289 3056 427 3142 agmine,
443 3056 525 3118 inter
547 3075 628 3139 quos
649 3057 699 3118 vir
721 3077 739 3117 e
759 3056 1036 3140 geriteAlnahmir
1051 3054 1251 3117 ben-Kasith

153 3172 236 3246 erat,
257 3183 368 3229 mense
388 3165 515 3227 aestivo
537 3173 570 3226 et
589 3163 726 3228 fervido.
764 3164 871 3244 Quum
892 3184 912 3227 a
932 3165 989 3227 via
1008 3163 1250 3246 perdesertum

151 3273 375 3354 aberrassent,
405 3282 495 3338 tanta
516 3293 620 3356 aquae
641 3273 747 3356 inopia
769 3283 855 3356 erat,
878 3283 913 3336 ut
934 3274 1068 3356 singulis
1091 3291 1176 3357 aqua
1198 3271 1249 3334 di-

151 3381 359 3445 stribueretur
374 3382 479 3464 lapide
497 3383 528 3443 in
549 3399 632 3445 vaso
652 3383 771 3465 posito,
792 3404 835 3447 ne
856 3401 937 3446 unus
958 3383 1029 3464 plus
1052 3400 1146 3463 quam
1167 3381 1249 3444 altor

151 3490 321 3572 acciperet.
347 3489 496 3552 Factum
517 3499 626 3553 autem
648 3498 711 3575 est,
734 3500 771 3568 ut,
790 3510 886 3573 quum
905 3489 1083 3554 secundum
1105 3488 1248 3552 ordinem

152 3596 264 3658 Cahbo
294 3597 395 3681 portio
425 3596 641 3660 distribuenda
669 3607 779 3678 esset,
808 3598 859 3660 ille
890 3597 1048 3661 Namirita
1068 3594 1188 3658 oculos
1218 3595 1249 3656 in

150 3722 223 3766 eum
249 3705 383 3789 ligaret,
413 3706 497 3788 quod
518 3687 634 3768 videns
651 3684 788 3770 vCahbus
811 3704 1009 3767 distribuenti
1033 3704 1130 3766 dixit:
1159 3701 1249 3763 lratri

150 3819 206 3875 tuo
235 3813 413 3877 Namiritae
444 3815 619 3896 portionem
654 3832 758 3876 meam
791 3805 852 3873 da!
895 3814 1031 3874 Postero
1061 3816 1173 3894 autom
1198 3807 1249 3880 die

148 3921 307 3985 Namirita'
322 3922 437 3984 iterum
449 3920 552 3984 Cahbi
572 3902 748 4010 portionem
770 3919 958 4002 accipiente,
977 3898 1180 3980 Calibussiti
1203 3918 1248 3980 ita

149 4027 317 4110 adflictum,
342 4006 380 4091 'ut
400 4013 506 4110 neque
534 4036 664 4111 gentem
694 4030 804 4110 sequi,
833 4045 937 4107 noque
962 4042 1099 4108 surgere
1120 4033 1245 4107 posset,

149 4137 294 4198 omnibus
315 4127 435 4198 viribus
465 4135 640 4198 consumtis
669 4135 698 4195 in
721 4135 851 4218 deserto
880 4123 1031 4194 remansit
1053 4140 1086 4192 et
1107 4133 1246 4195 animam
1302 4118 1304 4124 ’

148 4243 331 4323 exspiravit.
376 4243 468 4307 Couf.
491 4245 614 4309 sohult.
636 4263 725 4324 prov.
748 4243 852 4307 Meid.
868 4262 897 4322 p.
922 4241 989 4303 142.
