2986 4930
464 321 803 416 χ451»

225 527 396 668 &stiriis
411 527 531 628 agdi·
555 525 625 644 213,
724 515 855 668 μὶ
880 523 1008 618 uniit*
1025 529 1121 620 sn,

126 706 177 768 πθ
192 699 375 769 nhalhahe!
397 704 610 768 nobilissimus
632 703 768 765 omniurn
790 718 909 784 genere
931 710 965 762 et
984 699 1221 765 liberalissimus

169 813 305 875 omniurn
328 813 439 893 opibus
461 810 657 874 haereditate
677 801 836 892 aooeptis!
868 818 944 872 ate
963 809 1078 872 donnm
1100 809 1222 892 prodit,

169 919 253 982 dona
273 921 369 1002 igitur
389 921 465 982 mihi
486 920 545 1003 da,
568 938 737 1001 meumque
762 919 838 1000 erit,
862 927 895 980 te
916 917 1044 982 laudare
1065 917 1097 981 in
1116 918 1222 982 honi-

169 1047 244 1088 num
265 1028 474 1088 consessibus
486 1027 540 1101 1).ιι
767 1029 769 1032 ’

153 1202 155 1206 ,
210 1134 394 1196 'l'hadhahus
414 1135 476 1197 ista
496 1134 597 1197 verba
615 1133 748 1196 audiens
771 1134 864 1196 dixit:
887 1133 970 1214 Quid
990 1135 1084 1218 vetis,
1098 1127 1220 1196 indioa!

125 1244 209 1304 'dum
230 1243 324 1304 aiter:
353 1260 469 1323 equum
495 1249 583 1303 tuum
609 1242 715 1329 rufum
743 1245 777 1302 et
804 1260 932 1304 servum
958 1251 1047 1305 tuum
1068 1243 1222 1322 pistorem

125 1357 159 1410 et
179 1349 329 1430 palatium
350 1358 437 1412 tuum
463 1347 610 1428 Sernedji
638 1357 669 1410 et
698 1348 809 1412 decem
838 1349 933 1410 millia
960 1349 1220 1424 (drachmarum).

125 1456 313 1518 'l'halhahus
334 1456 416 1518 haec
438 1455 467 1518 oi
488 1455 571 1518 dono
598 1455 678 1517 dans
705 1454 800 1518 dixit:
827 1455 876 1538 'du
897 1456 943 1516 tui
963 1457 1131 1538 gentisque
1152 1458 1221 1519 Ba-

102 1565 230 1646 ·lrilah,
251 1584 314 1627 non
335 1566 396 1625 mei
423 1565 577 1626 rationem
604 1562 726 1625 habens
754 1563 892 1648 petiisti,
922 1583 1057 1646 eamque
1078 1565 1117 1626 ob
1141 1582 1221 1625 cau-

123 1692 194 1735 sam
220 1673 354 1734 multum
381 1672 607 1754 vituperandus
637 1690 694 1754 ee,
723 1691 797 1734 nam
823 1673 854 1733 si
875 1673 979 1734 omnia
998 1691 1070 1735 mea
1090 1672 1220 1755 palatia,

123 1799 238 1843 servos
260 1789 293 1842 et
313 1781 462 1864 iumenta,
482 1788 519 1842 ut
540 1780 622 1842 dono
644 1781 699 1843 tibi
719 1779 837 1865 darem,
856 1782 1018 1862 petiisses,
1040 1789 1074 1842 tu
1097 1799 1136 1842 ea
1158 1798 1219 1842 ao-

123 1888 279 1969 oepissos.
314 1888 466 1969 Narrant,
488 1888 572 1951 huno
591 1896 750 1950 oratorem
773 1885 812 1948 de
832 1905 914 1968 paoe
934 1887 1016 1948 inter
1037 1887 1116 1950 duas
1136 1905 1221 1970 gen-

125 2006 175 2057 tes
196 1989 414 2076 cumponenda
434 2015 491 2077 por
510 2013 573 2059 sex
593 1996 662 2064 sere
683 1995 780 2057 horas
802 1997 975 2058 orationem
995 1993 1165 2077 habuisse,
1188 1997 1219 2057 in

125 2122 188 2184 qna
207 2102 291 2166 idem
312 2102 444 2165 verbum
466 2123 529 2165 non
550 2111 717 2184 repeteret.
762 2102 854 2192 Cous,
875 2103 979 2164 Harir.
1003 2123 1033 2184 p.
1055 2104 1104 2166 42.

126 2476 187 2550 95.
239 2470 462 2546 imbecillior
486 2476 525 2544 in
552 2472 696 2544 Venere
722 2497 837 2572 quum
861 2472 981 2546 Hitus.

209 2597 416 2659 Proverbium
443 2600 507 2660 hoo
535 2601 616 2660 inter
644 2597 795 2660 Medinae
821 2599 944 2662 incolas
971 2609 1114 2682 temporo
1141 2601 1219 2664 Mo-

127 2702 302 2765 hamrnedis
323 2703 464 2766 Arabum
485 2707 658 2786 prophetae
671 2707 824 2768 usitatum
839 2715 918 2767 erat.
948 2708 1030 2770 'lies
1050 2709 1083 2769 in
1103 2707 1219 2790 oppido

127 2811 260 2874 Medina
279 2813 339 2873 viri
366 2820 455 2874 erant
479 2813 511 2873 in
533 2813 662 2875 Venere
681 2814 854 2877 imbecilles
875 2809 990 2900 Hitus,
1012 2816 1167 2878 Harimns
1186 2824 1220 2877 et

126 2919 286 3002 Matihus,
315 2938 333 2979 e
360 2921 472 3000 quibus
497 2920 566 2981 Hiti
586 2920 723 2984 conditio
744 2921 777 2982 iu
796 2922 997 3002 proverbium
1019 2923 1116 2985 venit.
1157 2923 1219 2985 His

127 3027 261 3088 seminas
281 3025 432 3089 visitandi
451 3026 547 3088 venia
568 3036 647 3112 erat,
669 3035 705 3088 nt
724 3027 796 3088 idae
816 3028 892 3088 velo
912 3027 1029 3090 faeiem
1043 3045 1107 3090 non
1122 3033 1218 3112 tege-

125 3144 203 3197 rent.
244 3135 340 3197 Hitus
365 3133 600 3197 Mohammedis
625 3133 760 3196 feminas
782 3133 870 3196 adiro
895 3135 1030 3197 solebat.
1073 3134 1218 3215 Quodam

126 3246 176 3307 die
198 3264 295 3326 quum
318 3245 436 3326 verba,
464 3262 546 3324 quae
566 3245 654 3332 fratri
676 3242 953 3308 Omm·Saiomae
973 3243 1219 3310 Ahbd-Allaho

126 3349 471 3430 ben-Abi-omajjah
499 3348 653 3434 dixisset,
689 3365 764 3412 enm
789 3357 975 3432 suspectum
999 3349 1219 3416 Mohammodi

126 3459 354 3544 reddidissent,
385 3459 551 3522 Chaehum
577 3459 608 3520 in
637 3460 764 3521 exilium
791 3459 830 3520 ab
858 3479 897 3522 eo
925 3460 1043 3524 missus
1069 3471 1129 3526 ert.
1169 3461 1218 3524 Ibi

127 3587 226 3650 usqne
247 3568 288 3630 ad
304 3564 470 3630 0htsma'ni
482 3576 609 3648 tempus
623 3568 779 3633 manebat.
811 3568 894 3631 Sunt
906 3575 1023 3652 autem,
1039 3569 1091 3652 qni
1105 3587 1218 3631 vorum

125 3678 184 3738 viri
204 3695 317 3738 nornen
338 3688 419 3766 „fens
442 3673 543 3736 Hinb
565 3691 640 3738 esse
661 3675 776 3739 dicant.

466 3792 515 3835 5.-
557 3793 611 3837 οῧ
668 3802 683 3838 2
718 3804 761 3837 ro

439 3833 517 3936 dio
550 3878 617 3995 ,f
652 3790 797 3935 όλὰῖ
861 3852 900 3937 ‘n

127 4038 184 4108 dd.
236 4035 460 4110 imbecillior
486 4039 523 4108 in
548 4037 705 4128 Venere,
731 4061 844 4138 quarn
869 4029 1044 4110 Dollalns.

144 4255 173 4315 1)
189 4259 306 4308 Menum
325 4263 368 4306 est
384 4257 495 4308 Camil
513 4257 681 4321 mellanno.
715 4257 794 4310 cont.
809 4257 868 4314 Bor.
887 4269 921 4308 nt.
938 4267 964 4320 o.
980 4253 1044 4308 m.
