3014 4936
580 318 815 410 w*

238 533 348 593 Virum
379 550 397 591 e
425 530 573 611 periculis
609 530 734 612 magnis
768 530 933 592 liberatum
968 547 1043 591 esse
1077 529 1246 611 significat.

154 640 361 703 Proverbium
381 639 444 701 hoc
463 640 496 700 in
517 638 667 700 versibus
688 636 816 701 nubam
836 637 952 719 legitur

156 763 237 900 Q
260 774 351 898 ctu
380 771 449 910 ol
478 769 651 882 Μ
752 761 894 888 Qt
920 769 1078 908 Μῑ
1097 781 1173 905 co

153 973 284 1088 „oo
307 967 390 1090 213³
408 970 534 1108 Μ
550 971 640 1104 Q
741 961 899 1081 >Q
917 971 1084 1124 th
1103 961 1180 1100 ll
1203 983 1246 1087 a·

153 1174 240 1234 olom
267 1171 343 1234 mihi
370 1171 582 1252 suspicionem
608 1171 783 1233 iniecerunt
812 1171 927 1233 oblivio
951 1180 983 1234 et
1004 1172 1106 1254 opinio
1130 1181 1162 1233 et
1181 1191 1244 1253 pot-

192 1302 262 1345 rum
284 1281 398 1365 abfuit,
415 1283 489 1363 quin
509 1289 636 1363 propter
657 1281 795 1342 noctium
815 1278 1041 1363 longitudinem
1063 1280 1245 1364 decrepitus

192 1390 302 1452 fierem
324 1397 356 1451 et
378 1407 477 1472 rugas
498 1409 564 1451 non
591 1389 750 1450 contraxit
774 1388 823 1449 vir
845 1385 1013 1450 admodum
1033 1388 1155 1469 fuscuS,
1179 1388 1244 1449 cir·

195 1514 267 1576 cum
290 1517 384 1579 quem
405 1493 553 1559 decidunt
574 1496 772 1559 calamitates
792 1504 826 1558 ct
845 1495 1011 1557 incolumis
1033 1504 1113 1557 est«

233 1631 372 1692 Mettum
400 1639 451 1692 est
478 1627 601 1710 Redjes
628 1630 819 1712 appellatum
846 1629 930 1692 conl.
959 1629 1026 1690 libr.
1054 1628 1242 1710 11111231.

152 1739 243 1802 conf.
266 1740 524 1808 Samochschari.

145 2161 205 2230 83.
256 2155 403 2230 Prande
428 2111 612 2248 haedum,
655 2156 871 2257 priusquam
898 2169 934 2228 te
962 2115 1114 2257 vespam
1141 2153 1241 2228 edet!
1300 2203 1304 2209 ›

228 2307 351 2391 Mouet,
371 2317 407 2370 ut
428 2310 535 2372 cautio
555 2309 587 2370 in
608 2309 705 2370 rebus
731 2307 907 2372 tractandis
929 2307 1124 2371 adhibeatur.

146 2726 205 2800 84.
257 2723 471 2828 Occupatus
500 2725 570 2802 fuit
595 2726 766 2810 manibus
801 2728 886 2815 suis,
923 2722 1240 2826 quemadmodum

257 2865 458 2953 occupatus
485 2867 538 2925 est
557 2853 718 2926 camelus
742 2853 933 2930 iuvencus.

228 3011 378 3075 Camelus
398 3013 553 3076 iuvencus
575 3015 650 3076 fune
679 3013 752 3092 Alta
783 3013 916 3095 ligatus,
945 3013 978 3074 in
999 3031 1037 3073 eo
1061 3020 1238 3092 occupatus

143 3141 209 3216 cst,
229 3142 264 3196 ut
285 3134 391 3198 funem
407 3123 526 3200 solvat.
568 3138 778 3201 Proverbium
799 3141 906 3222 rebus,
929 3139 1040 3221 quibus
1060 3157 1123 3203 nou
1137 3138 1238 3202 decet

143 3259 219 3303 esse
240 3252 442 3325 occupatum,
464 3246 567 3308 virum
590 3254 780 3327 occupatum
801 3265 876 3308 csse
897 3244 999 3309 docet.

141 3687 208 3764 85.
256 3687 405 3762 Timens
432 3691 552 3763 Deum
577 3689 765 3762 fraenatos
792 3671 856 3762 est.

224 3867 331 3928 'l'imor
352 3869 414 3930 Dei
433 3868 590 3930 hominem
611 3869 752 3953 impedit,
775 3870 941 3949 quominus
962 3877 1018 3931 aut
1045 3866 1152 3930 verbis
1180 3874 1235 3928 aut

140 3979 235 4041 factis
258 3979 297 4042 ab
319 3981 416 4042 officii
436 3982 561 4064 legibus
581 3980 720 4043 recedat.
764 3982 873 4044 Verba
893 3981 1073 4062 imperatori
1094 3976 1234 4042 0hmaro

139 4085 470 4160 beu-Ahbd-Alahsis
492 4088 718 4151 adscribuntur.
740 4087 839 4152 Meid.
862 4087 1155 4152 Scharaf-Aldiuus
1173 4109 1233 4151 au-

139 4201 205 4252 tem
226 4195 393 4272 proverbio
415 4195 571 4259 silentium
593 4196 807 4259 commendari
827 4195 916 4258 dixit.
938 4193 982 4258 Et
1003 4195 1051 4256 sic
1072 4195 1232 4258 Samoch-

138 4301 291 4364 scharius.
