2996 4928
627 351 854 413 ...eol-

192 556 254 599 nus
275 538 421 600 auferret.
457 531 518 599 Die
542 545 665 619 alitem,
695 553 757 617 quo
776 535 850 597 illud
876 535 918 596 ibi
939 534 1117 616 depositum
1136 534 1285 618 vidisset,

193 647 394 708 Lokmanum
408 647 471 707 ista
484 645 642 726 proverbii
657 645 757 707 verba
772 643 894 706 dixisse
915 643 1177 732 significaturum,
1198 667 1286 710 mer·

194 761 335 814 satorem
356 752 500 833 deposito
522 752 623 832 pretio
638 753 742 834 ipsum
757 750 975 835 impedivisse,
993 751 1160 834 quominus
1181 755 1212 816 iu
1231 757 1286 818 sa-

194 861 310 922 miliam
332 867 365 922 et
382 878 461 940 opes
483 857 656 920 invaderet.
687 858 834 922 Huiusce
853 859 900 923 rei
921 867 1017 940 poeta
1036 860 1181 923 inversu
1195 881 1286 924 men-

194 969 310 1030 tionem
330 967 425 1029 feeit:

113 1219 116 1224 Ι
193 1095 1159 1242 ωωωιωψμωρυωμωω
1186 1099 1284 1194 aiat

193 1299 440 1362 „Obstruximus
472 1299 579 1380 viam,
602 1297 885 1379 'quemadmodum
917 1296 1168 1360 Ebu-Baidlrus
1198 1299 1284 1362 viam

232 1425 323 1470 suam
345 1407 504 1490 obstruxit
531 1414 564 1470 et
591 1405 675 1486 apud
703 1406 820 1468 olivum
845 1405 950 1467 loeum
979 1404 1196 1469 adscendendi
1223 1427 1285 1470 non

230 1514 447 1576 invenerunt.n

189 1622 316 1684 Versus
338 1629 476 1684 metrum
498 1622 627 1684 'Phawil
648 1628 708 1684 est.
732 1619 826 1684 Conf.
849 1621 868 1681 l.
890 1640 930 1682 m.
952 1640 982 1703 p.
1006 1621 1074 1683 161.

528 1739 634 1788 5092
693 1742 737 1788 05
781 1738 866 1787 500
931 1777 933 1782 .

521 1791 966 1904 melaena

190 1959 223 2028 5.
276 1949 424 2026 Sahdus
451 1978 498 2025 an
522 1951 731 2026 Soaihdus?

269 2089 369 2149 Erant
389 2087 444 2149 lilii
464 2087 619 2150 Dhabbae
641 2085 820 2151 ben-Odd.
843 2087 884 2150 ef.
907 2085 945 2149 C.
968 2086 1033 2168 Vl,
1058 2087 1111 2151 29.
1138 2089 1281 2154 Prover-

185 2195 271 2257 bium
300 2195 466 2278 designat,
497 2196 656 2279 quendam
684 2194 725 2258 de
754 2197 901 2278 cognatis
931 2215 1006 2257 esse
1035 2197 1221 2284 sollicitum,
1250 2210 1284 2264 et

187 2305 399 2386 interrogare,
432 2325 507 2366 num
534 2306 618 2368 bona
646 2325 686 2368 an
712 2307 796 2368 mala
816 2305 859 2366 sit
883 2305 1029 2367 conditio.
1073 2307 1154 2368 'l'um
1174 2310 1284 2372 verbis

188 2420 337 2494 utuntur,
365 2420 401 2473 ut
429 2414 545 2474 bonum
572 2421 626 2474 aut
654 2414 769 2474 malum
797 2412 986 2493 significent.
1027 2414 1185 2498 Narrant,
1214 2419 1279 2479 Al-

188 2519 406 2599 hadjdjadjum
431 2520 650 2602 interrogasse
673 2517 887 2581 Kotaibahum
914 2520 1158 2607 ben-Muslim‚
1189 2545 1283 2607 quum

189 2633 243 2694 hie
264 2651 395 2693 uxorem
417 2630 581 2714 duxisset,
601 2631 661 2692 'his
688 2629 814 2692 verbis:
843 2646 969 2713 w
993 2634 1037 2706 „l
1063 2651 1160 2703 m
1190 2657 1283 2702 annum

186 2757 321 2840 pulehra
347 2777 388 2818 an
416 2756 513 2818 foeda
540 2753 682 2836 (estJ‘ln
714 2758 817 2820 Abu·
830 2758 1034 2820 'l'ammamus
1064 2770 1167 2824 autem
1196 2763 1283 2826 hune

186 2887 319 2930 versum
345 2866 439 2930 dixit:
498 2869 501 2879 '

186 2991 703 3153 saumae
778 3026 1282 3138 e

187 3199 314 3278 „Quum
338 3217 411 3259 eum
432 3195 616 3278 possideam
637 3195 765 3277 reliquis
784 3213 895 3258 carere
915 3217 1047 3279 possum
1069 3209 1101 3262 et
1123 3202 1281 3266 macilenti

227 3305 340 3368 cameli
360 3306 423 3366 mei
444 3303 483 3365 ab
505 3281 618 3384 inopia·
633 3300 673 3363 ad
694 3303 801 3384 pabuli
824 3303 949 3386 copiam
971 3308 1114 3370 translati
1135 3288 1246 3372 sunto⁴

266 3428 393 3490 Versus
422 3434 556 3488 metrum
587 3425 713 3486 'l'hawil
739 3433 799 3487 est.
839 3425 933 3489 Conf.
960 3427 981 3488 l.
1010 3449 1050 3492 m.
1078 3451 1109 3512 p.
1141 3434 1208 3496 161.
1243 3435 1280 3496 In

186 3536 321 3599 Kamusi
344 3553 440 3616 opero
459 3533 628 3616 proverbio
648 3534 775 3616 signnm
796 3534 1009 3618 interrogandi
1031 3540 1040 3603 t
1063 3548 1123 3600 est.

186 3925 219 3996 6.
273 3917 446 4022 Aequalis
472 3937 509 3992 et
535 3945 605 4020 par
630 3920 696 3992 tibi
724 3937 779 3993 est
803 3945 933 3995 servus
960 3919 1112 3992 alienus.

267 4056 475 4118 Proverbium
503 4055 593 4116 alteri
618 4055 719 4117 simile
741 4065 807 4119 est:
838 4053 947 4123 osteo
970 4079 1037 4150 5>
1060 4049 1166 4150 ⁹55*ss
1191 4069 1278 4140 dhe-‘-

186 4183 332 4244 ”Servus
359 4180 483 4242 alienus
513 4186 565 4242 est
584 4165 682 4263 liber,
707 4182 790 4242 siout
812 4191 874 4244 tun
918 4179 1043 4241 idest:
1072 4180 1197 4242 Servus
1218 4180 1278 4241 viri

183 4289 276 4368 alius,
291 4306 384 4369 quum
406 4286 563 4351 mandatis
583 4295 616 4348 et
636 4287 811 4350 interdictis
832 4289 894 4350 tuis
916 4288 1101 4370 obsequium
1123 4296 1276 4368 proestare
