2996 4928
590 348 818 411 -537...

171 561 175 568 ·
243 531 451 594 Proverbium
471 530 591 594 mulieri
617 529 742 593 cuidam
762 528 959 593 adscribitur.
1002 528 1250 594 Almoberrodus

161 660 228 704 rem
249 641 297 702 sio
317 642 474 711 narravit:
503 637 788 702 Dsu'l-Azbohns
806 637 977 702 Alodwerri
998 637 1047 700 vir
1067 638 1248 722 zelotypus,

161 758 296 833 quatuor
316 749 398 812 filies
421 767 498 812 euos
521 747 560 812 ob
582 749 776 830 zelotypiam
800 749 833 810 in
855 747 1086 812 matrimonium
1107 767 1170 810 non
1190 747 1250 810 de-

160 857 214 920 dit.
248 856 394 935 Quodam
415 856 467 918 die
488 875 583 939 quum
604 857 688 919 filiae
709 857 790 934 inter
811 874 848 918 se
868 873 1035 919 sermones
1058 854 1251 938 conferrent,

161 975 194 1028 et
215 965 373 1046 quaelibet
395 983 523 1046 earum,
552 963 629 1046 quid
655 963 695 1025 de
722 963 837 1026 merito
863 963 967 1039 futuro
996 962 1170 1045 cogitaret,
1192 980 1251 1026 se-

161 1071 296 1135 eundum
323 1071 438 1134 aetolis
469 1070 610 1136 ordinem
644 1071 816 1154 proferret,
848 1077 925 1134 notu
960 1070 1088 1135 minimo
1117 1069 1251 1152 primum

159 1180 243 1263 loqui
267 1197 435 1264 reeusons,
458 1198 554 1261 quum
578 1198 706 1242 sorores
725 1187 888 1260 urgerent,
911 1179 1011 1242 verbe
1032 1195 1115 1260 quoe
1136 1186 1251 1258 postea

159 1290 190 1352 in
212 1289 370 1371 proverbii
390 1288 649 1352 consuetudinem
670 1297 845 1371 venerunt,
872 1286 960 1350 (lixit.

512 1421 596 1554 {jn
636 1497 679 1567 eu
715 1424 818 1594 LE
888 1476 913 1553 l.

161 1666 218 1734 10.
270 1654 380 1748 Solea
405 1658 484 1729 eius
510 1682 596 1740 cum
622 1681 667 1730 eo
693 1654 825 1759 lapset.

240 1786 277 1845 ln
304 1781 506 1844 infortunium
531 1781 648 1844 inuidit.
683 1783 772 1844 Dixit
794 1781 951 1846 Sohairus
971 1777 1250 1858 beu-Abifsolma

160 1890 313 1954 Almorri:

158 2011 471 2158 tereretur,
496 2019 654 2175 opplet,
756 2014 979 2150 eptem,
997 2018 1078 2148 etz
1104 2014 1251 2144 μέζω

113 2269 117 2278 .
161 2217 367 2303 »Βεραηεῑίε
394 2239 457 2284 vos
485 2222 577 2283 ambo
606 2228 738 2316 gentem
757 2220 870 2303 Ahbs,
899 2238 994 2302 quum
1021 2219 1089 2280 eius
1118 2180 1250 2279 thronus

200 2330 319 2393 fractus
343 2336 432 2389 esset
451 2335 484 2388 et
504 2334 635 2409 gentem
656 2325 821 2406 Deobjen,
849 2344 944 2407 quum
965 2326 1073 2387 soleae
1094 2342 1166 2386 eum
1187 2341 1248 2404 pe-

201 2437 291 2499 dibus
314 2437 381 2497 eius
401 2433 591 2516 lapsarentu

240 2545 377 2606 Mettum
398 2561 514 2607 versus
535 2542 660 2604 'l'hewil
682 2551 741 2604 est.
763 2541 857 2605 conf.
879 2543 899 2604 l.
920 2562 960 2605 m.
981 2562 1012 2623 p.
1036 2543 1104 2605 161.

294 2674 1142 2853 MQWQMQu

161 2889 217 2954 11.
267 2876 532 2980 stupiditatem
559 2893 663 2948 tuom
688 2891 821 2974 augeat
848 2875 968 2962 Deus,
1002 2873 1251 2977 quotiescun-

272 3028 347 3105 que
373 3003 474 3077 bona
507 2999 672 3075 conditio
698 3016 763 3073 tua
789 3006 966 3101 augetur!

241 3155 460 3236 Proverbium,
489 3154 581 3217 euius
610 3161 744 3214 metrum
766 3150 860 3215 Reml
891 3160 952 3214 est
986 3149 1088 3231 (conf.
1117 3151 1183 3214 libr.
1210 3172 1251 3214 m.

158 3285 189 3348 p·
217 3264 311 3348 239),
347 3263 446 3326 diram
474 3261 734 3344 imprecationem
764 3262 922 3347 eontinet,
951 3279 1015 3343 que
1041 3269 1153 3324 eontra
1179 3280 1253 3326 eum

159 3380 298 3455 utuntur,
320 3370 412 3434 ouius
433 3371 565 3432 stultitia
586 3375 721 3452 augetur
741 3368 859 3432 divitiis
883 3371 994 3433 auotis.

493 3487 538 3540 ὃ)
585 3505 667 3540 eae,
720 3487 739 3537 ὃ

478 3501 946 3680 ωῳώζπ

163 3713 219 3782 12.
271 3707 370 3781 Raro
397 3707 524 3792 visita3
554 3731 680 3779 amore
706 3730 858 3778 cresces.

241 3857 400 3922 Meohdso
423 3856 607 3918 ben-Zirm
636 3855 810 3918 Chosiitae
836 3855 943 3937 gentis
973 3852 1127 3917 Chosealr
1155 3852 1251 3934 equiti

158 3965 241 4027 lreeo
268 3967 369 4030 verbe
397 3964 584 4028 tribuuntur.
625 3964 790 4027 Proverbii
818 3972 923 4026 eutem
951 3980 1048 4025 oense
1069 3961 1151 4024 heeo
1173 3971 1251 4024 eret.

160 4072 267 4134 Meter
281 4076 368 4158 eim,
391 4092 486 4155 quum
509 4091 528 4132 e
549 4079 646 4155 gente
667 4071 740 4134 Alro
762 4069 894 4133 oriunda
915 4078 1023 4152 esset,
1045 4086 1122 4130 suos
1143 4088 1250 4131 avun-

160 4181 252 4243 eulos
281 4198 380 4264 saepe
408 4179 569 4244 visitabat.
620 4179 769 4258 Quodam
797 4161 847 4241 die
869 4197 965 4260 quum
989 4185 1096 4240 mutuo
1122 4177 1163 4239 ob
1189 4178 1249 4240 illie

162 4296 330 4372 neeeptum
351 4309 464 4371 equum
483 4285 524 4351 ecl
545 4293 675 4371 gentem
696 4305 786 4351 suom
813 4294 1019 4371 reportasset,
1039 4289 1089 4349 vir
1107 4287 1251 4350 inimicus

307 4581 319 4888 ί
767 4742 771 4887 l
