2996 4928
604 356 645 368 -
686 321 829 385 ⁵93-

253 503 372 566 Vitium
395 504 554 588 designat,
575 505 659 586 quod
680 525 700 567 a
719 505 875 586 prudente
902 517 934 571 et
961 513 1055 569 cauto
1085 513 1255 573 committi·
1362 571 1364 578 s

169 621 227 672 tur.
266 613 356 674 hoco
385 615 475 676 vocis
500 622 619 716 ,sa-att,
654 611 795 694 qnod'in
825 614 989 676 codicibus
1019 617 1123 698 bugd.
1153 622 1254 681 Berol.

171 745 202 795 et
223 737 298 798 Poe.
320 738 450 822 legitur,
472 741 501 800 in
524 759 594 802 meo
665 751 728 806 aas
749 751 808 802 est.

616 791 662 842 e·

345 888 482 1062 {dp
520 895 733 1042 „atita
767 898 897 1048 ,aad
922 883 1025 1063 aa}
1095 951 1150 1026 rr

172 1124 230 1192 33·
281 1121 391 1196 Docti
416 1127 629 1198 societatem
656 1126 767 1197 vicini
794 1128 950 1198 maxime
976 1125 1135 1230 fugiunt.

254 1246 367 1310 Conf.
391 1249 427 1312 C.
453 1249 584 1332 XXIV,
614 1249 682 1312 122.

612 1460 836 1471 Ἣ

436 1647 621 1719 Forma
652 1643 989 1733 comparativi.

169 2184 227 2258 34.
276 2181 566 2282 Intelligentior,
594 2213 707 2286 quam
733 2183 860 2286 ljasus.

250 2317 356 2398 Ijasus
381 2319 675 2399 ben-Moahwijjah
697 2317 906 2382 ben-Korrah
930 2316 1090 2378 Mesenita
1109 2335 1167 2395 per
1188 2312 1260 2374 anni

168 2429 292 2502 tempus
319 2425 358 2485 ab
387 2426 576 2507 imperatore
604 2426 744 2488 0hmaro
777 2423 1132 2487 ben-Ahbd-Alahsis
1160 2441 1259 2502 prae-

167 2529 273 2590 fectus
302 2532 332 2591 in
362 2533 475 2613 oppido
496 2533 603 2594 Banra
629 2533 887 2594 iudicis'mnneri
912 2539 1057 2611 praeerat
1084 2538 1151 2590 tum
1174 2529 1258 2590 divi-

167 2636 270 2699 nando
292 2646 359 2700 tum
380 2640 497 2723 ingenii
512 2641 657 2703 acumine
671 2643 784 2703 clarus
813 2640 924 2700 Multis
938 2646 1045 2700 autem
1058 2638 1153 2699 rebus
1165 2637 1260 2700 istam

169 2745 285 2806 mentis
298 2746 446 2807 virtutem
459 2747 620 2829 probavit,
630 2733 910 2826 utAlmadajenius
924 2746 1003 2806 istas
1017 2745 1094 2805 libro
1109 2744 1259 2825 inscripto

169 2849 238 2940 odd
256 2854 323 2955 05)
341 2853 428 2935 pitz<
452 2853 567 2915 „Liber
588 2853 790 2916 divinationis
811 2852 908 2933 ljasio
932 2851 1144 2933 descripserit.
1164 2852 1261 2915 Non·-¹

169 2977 256 3039 nulla
276 2997 451 3040 memorare
472 2978 586 3059 placet.
612 2979 755 3041 Audiens
772 2981 862 3043 canis
880 2981 1027 3041 latratum
1042 2977 1133 3060 dixit,
1149 2995 1259 3039 canem

169 3084 210 3147 ad
243 3085 333 3167 putei
365 3088 540 3169 marginem
576 3086 750 3170 adligatum
778 3107 863 3150 esse.
912 3087 980 3150 Res
1009 3104 1125 3148 revera
1152 3103 1190 3146 se
1217 3086 1261 3147 ita

167 3192 313 3257 habebat.
346 3198 579 3278 Interrogatus,
603 3195 760 3276 quomodo
774 3215 841 3258 rem
858 3195 941 3257 scire
961 3195 1111 3276 potuerit,
1125 3212 1261 3274 respon-

169 3299 226 3361 dit:
248 3301 294 3362 Se
314 3319 426 3363 sonum
448 3323 490 3364 ex
510 3323 572 3365 uno
598 3302 773 3384 eodemque
795 3303 866 3364 loco
886 3301 1071 3385 audivisse,
1093 3309 1125 3363 et
1145 3309 1260 3383 postea

168 3426 281 3469 sonum
302 3427 534 3490 repercussum.
566 3410 692 3472 Videns
712 3410 852 3492 vestigia
874 3410 985 3471 cameli
1004 3410 1118 3472 herbas
1139 3409 1260 3490 depas-

168 3516 270 3578 centis
299 3516 396 3602 dixit,
426 3519 580 3580 camelum
609 3519 703 3580 istum
731 3538 827 3580 unum
855 3527 974 3580 tantum
997 3507 1121 3580 oculum
1141 3517 1260 3578 habero

169 3631 201 3684 et
221 3624 455 3708 interrogatus,
485 3625 642 3707 quomodo
670 3627 788 3708 sciret,
820 3626 1000 3708 respondit,
1031 3624 1115 3708 quod
1143 3625 1175 3683 in
1198 3641 1261 3683 uno

168 3737 290 3793 tantum
319 3731 418 3792 latere
451 3734 595 3795 camelus
628 3731 726 3796 herba
761 3733 933 3815 depaverit.
986 3732 1192 3796 Advenerant
1220 3727 1261 3790 ad

169 3857 252 3920 eum,
275 3846 310 3900 ut
329 3837 478 3901 iudicium
499 3841 638 3924 faceret,
660 3839 724 3902 duo
745 3840 821 3922 viri,
842 3859 973 3922 quorum
994 3836 1139 3899 unusab
1161 3836 1259 3896 altero

167 3945 229 4026 ipsi
249 3945 395 4009 traditam
417 3947 583 4026 pecuniam
604 3947 811 4032 reposcebat,
840 3950 919 4010 alter
940 3954 1047 4008 autem
1069 3961 1107 4005 se
1128 3943 1260 4024 pecuni-

168 4071 220 4114 am
241 4051 418 4133 accepisse,
440 4052 587 4131 negabat.
616 4055 722 4116 Unum
744 4073 838 4135 quum
858 4057 1100 4134 interrogasset,
1124 4068 1259 4131 quonam

167 4163 200 4223 in
220 4161 293 4222 loco
314 4161 403 4223 alteri
424 4162 589 4241 pecuniam
604 4158 782 4226 tradidisti?
796 4173 828 4224 ct
841 4181 937 4244 quum
954 4160 1007 4220 ille
1028 4157 1258 4241 respondisset,

170 4286 207 4329 se
228 4268 312 4350 apud
334 4270 476 4331 arborem
502 4271 667 4348 pecuniam
698 4271 885 4352 tradidisse,
914 4268 997 4330 hunc
1022 4268 1062 4329 ad
1090 4269 1183 4331 istam
1205 4285 1259 4328 ar·
