3044 4938
637 340 922 416 .,-198-·

575 551 685 723 ,ᾧ
720 552 775 738 [353
810 535 941 708 „ilii
1010 593 1067 675 ur

268 812 347 883 163.
397 806 550 882 Fortior
575 829 689 908 quarn
713 792 853 879 cohors
878 804 1036 881 Dausar.

346 956 432 1038 negt
451 955 650 1026 Alnohmano
671 953 934 1018 ben-Almondsir
962 952 1101 1036 quinque
1128 963 1219 1015 erant
1238 954 1358 1015 cohor-

264 1074 315 1127 tes
342 1063 459 1165 OM
481 1063 666 1148 Alrahajiu,
688 1060 809 1167 &wall
831 1061 1009 1142 Aluanaih,
1030 1058 1155 1161 &besl
1177 1059 1359 1122 Alwadha-

258 1187 319 1273 jib,
341 1183 478 1274 &wll
499 1186 707 1270 Alaschahib,
730 1194 763 1248 et
774 1202 860 1290 ,³230
881 1187 1010 1248 Dausar
1031 1187 1218 1266 appellatae.
1253 1185 1361 1247 Prima

264 1315 427 1397 Alrahajin
447 1317 607 1398 appellata
627 1317 743 1379 cohors
765 1315 946 1398 quingentis
967 1315 1116 1379 militibus
1138 1315 1307 1379 constabat
1327 1325 1362 1378 et

263 1445 321 1507 per
348 1425 421 1488 anni
448 1433 576 1507 tempus
605 1425 688 1508 apud
713 1443 824 1508 regem
846 1426 1108 1488 commorabatur.
1149 1425 1254 1488 sinito
1277 1445 1360 1487 anno

265 1532 306 1595 ad
333 1541 450 1617 gentes
478 1550 555 1595 suas
584 1531 746 1614 redibant,
775 1537 810 1593 et
838 1532 870 1593 in
899 1551 1009 1594 eorum
1037 1533 1142 1594 locum
1163 1532 1361 1595 succedebat

265 1659 352 1702 nova
373 1642 489 1704 cohors
511 1658 530 1699 e
551 1616 703 1720 gentibus
722 1636 906 1701 adveniens.
939 1638 1023 1702 Cum
1044 1640 1106 1701 hac
1127 1638 1269 1721 cohorte,
1292 1657 1361 1720 quae

264 1749 352 1833 regis
371 1748 520 1812 mandata
540 1745 741 1832 perficiebat,
767 1747 880 1810 hostes
903 1765 1032 1829 quoque
1051 1767 1110 1810 rex
1129 1747 1282 1810 invadere
1303 1766 1363 1810 so-

265 1858 359 1919 lebat.
392 1854 542 1920 Secunda
558 1855 674 1917 cohors
683 1853 842 1916 Alzanaih
857 1856 1016 1936 appellata
1030 1875 1049 1916 c
1062 1854 1363 1938 genteBanu-Kais

266 1971 299 2025 et
319 1961 523 2024 Banu-'l'aim
543 1961 641 2043 Allat,
663 1959 796 2023 filiorum
818 1959 1011 2023 'l'sahlebahi
1032 1961 1137 2023 electa
1158 1969 1236 2024 erat.
1278 1963 1362 2023 Per-

265 2088 366 2132 sonae
385 2069 473 2152 regis
489 2068 617 2132 addicta
638 2076 707 2131 erat
728 2070 832 2134 aulam
852 2070 976 2154 regiam
994 2088 1154 2152 nunquam
1170 2071 1362 2152 relinquens.

265 2175 376 2237 'l'ertia
395 2173 600 2254 Alwadhajih
620 2174 780 2256 appellata
799 2175 883 2238 mille
903 2175 1018 2237 milites
1040 2175 1225 2260 continens,
1247 2177 1280 2238 in
1301 2196 1362 2256 op-

264 2283 337 2366 pido
358 2283 439 2346 Hira
459 2283 615 2347 stationes
642 2283 781 2368 habeus,
803 2303 832 2358 ¹a
859 2302 940 2367 rege
962 2282 1133 2349 Persarum
1153 2283 1224 2368 regi
1244 2283 1362 2346 auxilio

264 2393 364 2455 missa
382 2401 460 2455 erat.
496 2392 620 2471 Quavis
638 2411 720 2464 anno
744 2411 831 2456 nova
852 2392 969 2454 cohors
991 2409 1033 2452 ex
1051 2390 1185 2453 Perside
1200 2390 1361 2453 veniebat

266 2498 387 2578 Quarta
405 2499 520 2560 cohors
532 2497 729 2562 Alasehahib
748 2498 907 2580 appellata
927 2497 1016 2579 regis
1036 2498 1152 2561 fratres
1170 2507 1204 2560 et
1226 2506 1361 2581 patrue-

241 2603 313 2668 ‘les
350 2624 521 2689 eorumque
554 2607 707 2669 satellites
738 2606 1036 2689 comprehendebat
1091 2608 1220 2670 Nomen
1254 2614 1362 2667 autem

264 2715 337 2778 inde
358 2717 472 2778 milites
489 2716 669 2801 gerebant,
696 2717 782 2799 quod
808 2720 947 2780 colorem
973 2717 1005 2779 in
1025 2715 1110 2779 facie
1130 2717 1236 2779 album
1258 2715 1361 2777 habe-

264 2821 349 2886 bant.
393 2823 510 2902 Quinta
538 2823 672 2905 denique
702 2823 817 2886 cohors
838 2826 967 2886 Dausar
988 2822 1148 2905 appellata
1168 2821 1361 2884 fortissimos

265 2929 447 2992 continebat
467 2929 583 2994 milites
605 2950 647 2993 cx
669 2932 814 2994 omnibus
835 2933 980 2993 Arabum
1000 2931 1168 3016 gentibus,
1190 2930 1361 3012 praecipue

265 3055 344 3097 vero
373 3056 391 3097 e
418 3044 518 3118 gente
544 3034 670 3098 Rabiah
699 3039 829 3099 electos.
871 3035 999 3099 Nomen
1011 3053 1106 3134 μμ
1128 3055 1149 3098 a
1168 3037 1269 3100 verbo
1282 3056 1362 3135 ,aas

265 3175 364 3240 „cum
385 3141 589 3220 vehementia
608 3152 809 3242 percussitf‘,
832 3157 1008 3222 derivatum
1029 3170 1090 3223 est.
1125 3159 1252 3222 Cecinit
1265 3168 1362 3241 poeta

330 3299 435 3424 aa
458 3299 524 3443 c*
547 3293 629 3415 su
658 3292 769 3411 ..a
839 3303 924 3426 ta
950 3303 1047 3436 aa
1072 3299 1152 3430 tu·
1175 3302 1285 3425 ..oz

267 3498 419 3584 „Cohors
448 3499 613 3561 Dausar
640 3501 799 3580 percussit
829 3519 887 3563 eos
917 3499 1144 3584 percussione,
1179 3520 1245 3583 qua
1269 3502 1360 3585 regui

309 3607 423 3671 clavos
443 3607 656 3693 confirmavit,
678 3616 714 3670 ut
734 3609 860 3673 firmum
880 3605 1004 3672 esset.“
1024 3611 1163 3673 Mettum
1177 3610 1280 3674 Raml.
1297 3620 1360 3673 est.

351 3713 530 3794 Quotannis
558 3723 665 3776 autem
695 3711 728 3776 et
761 3717 888 3798 quidem
915 3717 1002 3779 veris
1029 3727 1174 3799 tempore
1192 3719 1359 3800 principes

267 3824 409 3886 Arabum
431 3820 536 3902 etqui
557 3823 626 3902 regi
645 3823 779 3906 pignora
798 3823 926 3910 dabant,
947 3826 1031 3905 apud
1052 3844 1163 3908 regem
1185 3828 1360 3922 convenie-

267 3931 356 4012 bant,
378 3939 412 3992 ut
431 3931 566 4014 pignora
586 3941 816 3996 commutarent
831 3955 888 4016 per
905 3935 1025 3998 mensis
1046 3935 1183 4016 spatium
1204 3937 1247 3997 ibi
1269 3954 1359 3998 com-

268 4047 437 4102 morantes.
481 4041 563 4101 'l'um
591 4043 684 4122 epula
704 4043 743 4104 iis
765 4044 919 4106 instruere
940 4044 1065 4106 solebat
1085 4062 1151 4105 rex.
1194 4044 1360 4125 'l'emporis

268 4145 370 4228 spatio
399 4145 486 4208 finito
516 4165 643 4232 escam,
671 4166 764 4229 quam
785 4169 806 4211 a
826 4167 903 4231 rege
924 4150 1142 4236 accipiebant,
1169 4171 1280 4215 secum
1302 4171 1359 4215 su-
1405 4169 1410 4176 ’

149 4287 151 4291 -
182 4246 184 4254 '
268 4263 391 4318 mentes
411 4253 454 4326 ad
475 4273 553 4319 suos
574 4255 707 4318 rediere.
729 4257 811 4322 conf.
835 4258 956 4321 Schult.
977 4278 1068 4341 prov.
1090 4245 1188 4323 lileid.
1210 4280 1239 4341 p.
1260 4257 1311 4322 87.
