3026 4942
532 349 841 411 ·-125-

186 536 270 608 376.
320 533 381 606 Tu
405 537 435 606 si
461 535 634 606 iniuriam
659 534 912 633 propinquam
944 529 1102 625 (levem)
1127 529 1274 606 fecisses

317 656 436 746 (hane
463 658 531 732 tibi
557 655 884 755 condonaremus).

268 809 324 871 Sic
345 809 488 871 scholion
507 809 618 870 habet:
642 810 679 872 si
699 809 905 890 propinquam
926 808 987 869 ise.
1008 808 1113 868 lavem
1134 807 1274 870 iniuriam

185 916 273 977 nobis
292 916 466 997 misisses,
483 934 553 976 eam
567 915 622 976 tibi
636 913 905 994 condonaremus3
927 912 987 974 sed
1000 914 1169 975 maximam
1184 915 1274 975 nohis

67 1013 70 1017 ’
185 1017 325 1078 iniuriam
346 1015 483 1078 intulisti.
516 1017 578 1078 Est
599 1025 653 1078 aut
673 1033 790 1076 versus
812 1022 866 1076 aut
886 1012 1119 1074 hemistichium
1140 1013 1181 1075 ad
1202 1034 1274 1076 mo·
1345 1103 1349 1114 Ι

186 1137 265 1189 trum
287 1125 447 1207 Redjos
468 1125 676 1188 referendum.
699 1124 782 1186 conf.
802 1125 822 1184 l.
845 1141 873 1185 c.
896 1144 925 1204 p.
947 1120 1012 1184 230
1026 1141 1074 1203 sq.

367 1295 579 1466 &5202ss
613 1304 729 1422 »iffi
765 1291 882 1425 cai}
916 1293 970 1471 Si
1044 1345 1119 1422 i¹vv

446 1465 464 1484 ,
666 1463 685 1484 ,
793 1463 810 1481 ,
956 1461 978 1500 9

185 1559 267 1624 377.
319 1552 358 1624 Si
382 1549 550 1651 mulgens
577 1577 627 1640 es,
654 1575 793 1652 quaere
818 1545 996 1620 camelam
1020 1544 1118 1619 lacte
1150 1554 1274 1621 abun-

317 1672 477 1749 dantem.
1157 1679 1160 1688 '

267 1835 361 1917 Rem,
383 1855 466 1917 quae
487 1835 655 1897 conditioni
676 1844 750 1897 tuae
772 1835 953 1916 conveniat,
976 1851 1122 1914 quaeras.
1164 1833 1204 1894 ui
1225 1832 1274 1893 di-

183 1947 274 2029 citur,
298 1945 348 2005 cui
368 1945 458 2005 locus
479 1943 524 2004 rei
545 1943 606 2024 ipsi
627 1943 829 2004 necessariae
850 1940 1012 2002 indicatur.

348 2085 427 2128 oa»
542 2084 609 2128 tofi
655 2105 704 2126 n
834 2081 907 2128 eof-
943 2099 958 2128 ο

325 2266 343 2286 ,
417 2266 436 2286 ,
723 2266 741 2286 ,
971 2264 992 2304 3

186 2334 267 2403 378.
320 2327 394 2416 Qui
441 2326 601 2403 camelos
649 2355 736 2401 suos
779 2331 817 2399 in
867 2325 953 2400 loeo
1001 2343 1145 2400 secreto
1190 2351 1276 2400 cum

325 2449 402 2524 aliis
428 2455 567 2540 miscet,
596 2469 637 2524 ut
663 2451 823 2525 decimas
850 2478 925 2524 non
952 2450 1025 2539 det,
1059 2467 1177 2524 noctu
1203 2449 1277 2523 lus-

322 2575 412 2646 eiosi
438 2573 551 2648 modo
579 2578 664 2673 agit.

263 2726 312 2816 ιε,
335 2725 387 2805 qui
410 2726 550 2785 camelos
572 2743 648 2785 suos
670 2742 741 2787 oum
764 2727 893 2788 aliorum
915 2725 1046 2786 camelis
1074 2725 1204 2806 miscet,
1243 2732 1293 2784 ut·

186 2830 326 2893 decimas
359 2835 430 2895 Deo
466 2851 529 2893 non
565 2831 628 2918 det,
653 2833 830 2914 obstupefit.
873 2833 1080 2894 Proverbium
1112 2841 1218 2894 autem
1246 2835 1277 2892 in

186 2948 380 3023 suspectum,
403 2940 605 3022 deceptorem
619 2939 792 3002 adhibetur.
813 2939 1161 3004 VerbaMohammedis
1176 2939 1275 3001 tradi-

186 3048 271 3108 tione
292 3046 332 3109 ad
354 3066 412 3127 nos
435 3047 539 3111 delata
560 3059 635 3124 sunt
659 3050 744 3151 hij,
769 3050 804 3138 t,
831 3051 952 3121 ab
977 3046 997 3112 t
1042 3051 1114 3112 aNe
1136 3049 1275 3110 camelos

185 3179 258 3233 tuos
279 3171 418 3232 misceas
447 3189 519 3233 eum
548 3173 616 3234 aliis
645 3174 734 3235 etin
768 3176 838 3235 loco
867 3171 1020 3254 profundo
1057 3162 1274 3236 abscondam!

184 3278 331 3360 Legendi
351 3277 477 3340 modum
500 3278 620 3341 codicis
647 3282 709 3342 mei
738 3289 771 3342 ot
791 3280 936 3363 Lugdun.
951 3285 1081 3341 secutus
1096 3296 1175 3339 sum.
1204 3277 1273 3341 Co-

185 3385 248 3449 dex
268 3388 304 3449 B.
327 3395 360 3447 et
381 3386 418 3446 P.
438 3385 556 3446 habent
575 3371 674 3457 hihi!
699 3390 766 3458 ιρι,
792 3387 874 3466 »Qui
900 3387 1015 3449 miscet
1035 3385 1176 3449 camelos
1197 3404 1275 3449 suos

187 3527 257 3571 cum
279 3510 362 3593 aliia,
384 3518 482 3571 noetu
505 3519 723 3572 caecasset«

135 3917 138 3924 ’
184 3929 270 3999 379.
324 3925 419 3997 Ante
443 3951 503 3997 me
529 3943 584 3999 est
608 3952 677 4015 res,
704 3933 766 4000 eui
790 3929 910 4030 impar
936 3952 1029 4006 sum.

269 4075 372 4154 Quum
398 4095 450 4139 res
476 4081 588 4160 gravis
626 4087 847 4163 exspectatur,
890 4079 1090 4160 proverbium
1117 4078 1274 4143 adhibent

183 4182 295 4246 Verba
316 4193 421 4247 autem
442 4185 470 4246 is
492 4184 577 4268 dicit,
600 4187 652 4268 qui
673 4185 713 4248 oh
733 4187 861 4250 nimiam
881 4188 1056 4250 cautionem
1068 4187 1273 4269 vituperatur.
1378 4223 1382 4231 ·

187 4287 527 4354 Scharaf-Aldin.
