2988 4952
590 329 909 420 ..37„.'

141 547 200 616 89.
253 541 286 611 ls
313 538 432 612 cauda
459 537 581 640 vulpis
607 556 672 613 est.

164 769 168 776 ⁸
221 689 402 750 Venatores
429 689 534 769 vulpis
562 691 709 751 astutiam
738 692 769 750 in
797 687 899 750 cauria
920 688 1055 768 positam
1079 703 1153 754 esse
1175 701 1237 765 pu-

140 803 217 878 tant,
240 804 273 857 ut
288 796 409 857 dicatur
430 795 545 865 μω]]
572 800 650 882 μὲι]
674 831 717 881 43.
742 803 812 903 ὣς
841 796 1004 857 „Astutior
1019 782 1113 875 quain
1136 792 1240 854 cauda

139 921 272 1001 vulpis3o
296 938 390 1001 quam
412 919 451 980 ob
473 939 540 980 rem
562 920 728 1002 proverbio
751 922 802 982 illo
823 919 918 982 homo
941 919 1154 982 astutissimus
1177 915 1237 998 ‹le-

141 1029 290 1109 signatur.
335 1025 597 1090 Scharal-Aldirr.

373 1173 484 1374 opt
509 1187 697 1374 ppo
733 1186 926 1366 ..apr
952 1218 1000 1310 o
1062 1238 1096 1314 t.

143 1729 201 1797 eo
244 1720 357 1811 Quod
383 1725 412 1795 si
440 1722 616 1820 (camela)
644 1721 774 1796 alacris
808 1749 845 1795 es
878 1718 992 1794 modo
1025 1717 1128 1796 felis.
1163 1715 1240 1790 fieri

240 1864 384 1947 potest,
412 1865 454 1920 ut
482 1865 649 1950 tempore
674 1847 902 1920 vehementis
931 1843 1064 1918 caloris
1092 1847 1127 1915 in
1157 1861 1237 1915 ter-

241 1998 320 2045 ram
346 1968 507 2048 decidas.

225 2122 432 2202 Vocabulurrr
446 2137 583 2226 σομε]
610 2123 650 2186 de
672 2124 794 2186 camelo
815 2130 953 2203 utuntur⁷
976 2121 1029 2201 qui
1050 2120 1090 2182 ob
1112 2120 1238 2181 nimiam
1307 2133 1310 2142 ’

140 2248 336 2308 alacritatem
357 2246 513 2309 insedenti
532 2248 711 2328 obsequens
725 2265 787 2307 non
806 2255 865 2308 est.
887 2249 938 2340 apl
961 2253 1013 2305 est
1030 2245 1241 2305 vehemen-

141 2370 196 2429 tia
218 2370 369 2431 caloris.
412 2369 462 2430 De
483 2370 797 2452 hominoproverbio
818 2375 960 2451 ututur,
989 2369 1042 2449 qui
1063 2368 1169 2429 alacer
1191 2376 1242 2428 est

141 2497 204 2538 non
226 2479 390 2560 cogitans,
426 2479 500 2558 quid
530 2478 633 2541 damni
662 2499 704 2541 ex
732 2478 894 2540 alacritate
922 2479 993 2540 oriri
1022 2477 1131 2558 possit.
1172 2474 1240 2540 Sed

143 2594 252 2646 auctor
287 2587 446 2666 proverbii
481 2588 634 2647 camelum
670 2587 784 2666 alloqui
819 2584 954 2646 videtur.
1003 2586 1130 2647 Versus
1166 2593 1239 2644 sunt

144 2695 233 2754 metri
255 2692 383 2756 Sarih·
400 2694 555 2773 appellati.
578 2695 659 2754 conf.
681 2694 747 2754 libr.
769 2711 873 2753 meum
896 2712 926 2772 p.
947 2693 1019 2770 246.

375 2850 501 2980 iiis
541 2862 605 3009 [εἴ]
643 2858 714 2993 tf..
746 2850 816 2978 ..²5³²
851 2853 926 3032 gt,
982 2903 1029 2981 o

347 3024 357 3051 ἢ
476 3025 494 3043 ,
553 3021 592 3060 re
890 3021 913 3074 ³.

146 3115 205 3184 91.
261 3109 300 3180 Si
325 3106 465 3181 lacerta
492 3135 542 3195 es,
569 3133 638 3206 ego
665 3105 827 3182 lacertae
851 3109 976 3182 foetus
1003 3134 1094 3180 sum.

229 3261 264 3320 ln
292 3279 381 3342 eum,
411 3260 464 3340 qui
484 3260 586 3322 virum
608 3261 668 3322 sibi
688 3279 797 3340 parem
819 3265 851 3320 et
872 3260 1005 3321 scientia
1027 3269 1059 3320 et
1080 3259 1243 3340 prudentia

145 3369 283 3450 invenit,
306 3367 478 3430 adhibetur.
522 3368 784 3432 Saliares-Aldu.

383 3526 486 3684 {Sl}
515 3513 774 3682 atille&
809 3511 921 3651 {agl
991 3577 1028 3655 tr

146 3794 206 3863 92.
261 3784 368 3886 Cepit
395 3809 481 3856 eum
505 3781 639 3870 modo,
677 3808 754 3882 quo
785 3780 926 3854 lacerta
961 3779 1106 3853 foetum
1133 3804 1242 3852 suum

257 3912 369 4006 capit.

231 4061 447 4124 Vehementer
476 4060 561 4140 oepit
586 4077 721 4140 eumque
748 4058 871 4121 occidit.
916 4059 1069 4137 Lacerta,
1090 4058 1139 4120 sio
1161 4059 1241 4118 enim

148 4167 272 4232 tradunt
292 4170 431 4250 Aram,
455 4187 518 4230 ova
539 4183 598 4230 sua
625 4188 645 4230 a
666 4167 827 4248 reptilibus
848 4164 995 4229 custodit.
1039 4165 1159 4227 lloetus
1181 4184 1241 4226 au·

148 4281 212 4336 tem
242 4296 283 4340 ex
311 4275 382 4337 ovis
410 4272 601 4354 prodeuntes
621 4273 743 4355 reptilia
772 4290 847 4334 esse
875 4280 1009 4354 putans,
1038 4271 1243 4333 vehementer
