3044 4938
706 299 931 364 -176··u

277 489 335 592 84.
385 483 531 560 Prodiit
556 483 718 558 clariana
743 485 781 556 in
806 481 923 556 lutere
938 433 1099 582 regibnis
1126 479 1340 584 aequabilis.

363 650 414 710 De
434 667 469 710 re
490 647 614 709 omnino
635 645 805 708 manifesta
825 643 998 707 adhibetur.
1030 643 1274 708 Hemiatiehiunr
1295 663 1374 706 me-

276 753 466 819 tricennii
490 769 565 815 erse
592 751 724 814 videtur.
746 751 830 812 conf.
851 750 918 812 libr.
940 770 980 812 m.
1001 770 1031 832 p.
1052 750 1123 813 214.

276 1191 335 1261 85.
387 1182 536 1259 Clamor
561 1187 601 1256 in
624 1185 714 1262 risu.

340 1337 390 1398 De
411 1337 567 1421 fastuoso,
588 1354 690 1398 vanas
712 1353 764 1396 res
786 1352 934 1395 sermone
953 1331 1147 1417 proferente,
1168 1335 1374 1414 proverbium

276 1442 450 1506 adhibetur.
495 1445 577 1507 Sunt
603 1440 664 1503 duo
692 1439 793 1523 pedes
819 1441 911 1503 metri
937 1439 1105 1520 Redjes.
1133 1440 1216 1503 eonf.
1238 1441 1304 1504 libr.
1327 1461 1375 1502 m.

274 1570 305 1632 p.
325 1549 397 1654 tihi.

277 1941 337 2016 86.
364 1937 526 2041 Propter
551 1965 633 2014 eum
658 1956 826 2042 pastores
848 1939 908 2016 lue
929 1967 1029 2044 aqua
1045 1943 1204 2015 ririxtum
1220 1941 1371 2018 bibunt.

360 2090 465 2170 Quum
493 2110 604 2173 parum
633 2091 725 2154 laetis
758 2094 881 2155 camela
913 2091 1030 2177 reddit,
1068 2111 1205 2156 neeesse
1234 2102 1284 2155 est
1291 2137 1302 2175 ‚
1332 2103 1374 2154 ut

277 2206 422 2278 pastores
450 2200 501 2261 lae
529 2218 612 2281 aqua
631 2201 763 2262 mixtum
791 2201 907 2263 bibant.
950 2202 1000 2262 De
1020 2202 1089 2262 viro
1112 2201 1293 2283 adhibetur,
1316 2203 1373 2282 qui

274 2305 423 2367 auxilium
444 2315 608 2389 praestare
628 2316 682 2369 aut
703 2308 902 2392 beneficium,
924 2309 1008 2390 quod
1033 2312 1220 2394 postulatur,
1243 2309 1371 2371 deferre

278 2431 340 2474 non
361 2421 478 2498 potest,
500 2415 567 2477 suis
588 2415 683 2478 rebus
704 2416 829 2478 omnino
851 2424 1036 2499 occupatus.

553 2605 684 2765 titii
709 2619 839 2744 ...ιζ
874 2623 1023 2809 Q
1093 2694 1141 2743 n

274 2869 334 2939 87.
384 2861 563 2940 Snb'mum
588 2865 788 2940 conflictus
814 2866 954 2941 obruit.

359 3014 497 3078 Salimuu
525 3013 584 3076 viri
611 3035 727 3078 nomeu
748 3024 816 3098 est,
844 3017 896 3098 qui
922 3017 1074 3079 innocens
1095 3019 1288 3099 puniebatur.
1316 3021 1370 3081 De

275 3138 314 3181 eo
335 3119 430 3203 igitur
450 3121 627 3207 adhibetur,
650 3124 703 3204 qui
723 3122 870 3187 liberatus
891 3133 942 3186 est
963 3144 983 3186 a
1004 3127 1098 3209 malo,
1120 3127 1205 3206 quod
1219 3127 1369 3190 mereba-

273 3231 323 3288 tur
344 3234 376 3287 et
398 3226 439 3289 de
460 3246 512 3312 eo,
534 3229 586 3310 qui
606 3230 779 3293 immeritus
800 3249 935 3313 poenam
956 3249 1073 3313 passus
1096 3241 1154 3296 eet.

533 3400 650 3583 ...uz
688 3401 768 3579 nt
804 3393 858 3546 [ἰ.
895 3459 1021 3540 2...
1095 3473 1142 3521 n

273 3646 332 3716 88.
380 3634 530 3743 Exigua
555 3671 671 3747 opum
695 3673 781 3749 pars
804 3650 992 3728 remansit.

314 3795 350 3854 ln
372 3812 444 3858 eum
465 3793 668 3876 proverbium
690 3794 806 3879 dicunt,
828 3799 878 3859 etri
899 3800 1019 3882 exigua
1040 3819 1134 3883 opum
1156 3820 1230 3884 pars
1251 3820 1368 3882 super-

273 3908 334 3981 est,
359 3902 472 3982 quibua
490 3901 688 3963 calamitates
709 3902 852 3986 effugiat

358 4093 1297 4255 &twfflrw‘wff
