3014 4936
707 323 932 392 *m-

275 513 348 576 dem
368 477 462 576 modo
482 509 607 575 dicitur:
636 510 734 600 „nul
765 491 830 616 a}
853 526 940 596 taq-
962 481 1011 616 {a}
1039 509 1220 574 alnterdum
1248 508 1370 614 serium

275 640 366 702 iocus
388 631 552 702 adduxit.“
1065 641 1068 646 “

676 747 730 780 eoa
808 757 884 780 me

642 758 764 920 ⁵532
800 785 896 884 ³3ss
965 793 1008 876 vi

275 956 334 1028 76.
387 953 543 1062 Orionis,
564 953 823 1046 manifestatio.

335 1087 452 1150 Verbis
472 1088 757 1151 manifestatio
775 1085 937 1149 Orionis
958 1084 1021 1148 hoc
1041 1085 1076 1158 iu
1093 1085 1260 1167 proverbio
1275 1085 1370 1146 venti

274 1193 483 1256 vehementes
502 1193 719 1279 designantur,
746 1195 797 1276 qui
815 1193 966 1256 matutino
980 1200 1134 1274 tempore,
1155 1211 1251 1274 quum
1272 1189 1368 1254 sidus

275 1303 401 1367 Orionis
431 1303 463 1364 in
493 1305 583 1366 coelo
617 1312 685 1386 est,
720 1322 777 1385 per
805 1302 904 1364 breve
934 1303 1085 1383 temporis
1118 1301 1254 1382 spatium
1288 1301 1368 1362 dare

273 1411 386 1473 solent.
420 1409 584 1473 omissum
605 1418 710 1473 aulem
732 1417 784 1472 est
802 1428 871 1472 vox
890 1421 993 1501 ωρ·
1014 1410 1183 1472 „Minaei
1205 1426 1252 1471 sc.
1273 1408 1368 1469 mine

273 1534 341 1596 eins
370 1540 443 1594 sunt
467 1534 573 1594 ventis
595 1531 720 1595 Orionis
733 1581 735 1592 .
748 1531 988 1615 comparandae.
1030 1531 1075 1594 Ut
1102 1532 1190 1594 venti
1218 1531 1261 1594 illi
1288 1550 1367 1594 mox

274 1648 422 1726 cessant,
450 1639 498 1702 sic
519 1639 621 1701 minas
643 1640 713 1701 eius
734 1642 854 1703 lactum
875 1659 938 1702 non
959 1637 1111 1719 sequitur.

274 2011 333 2077 77.
381 1999 550 2074 Adduxit
582 2029 679 2094 rem,
717 2029 815 2106 quae
850 2001 1012 2105 lapidem
1044 2000 1266 2076 candentem
1299 1977 1367 2076 οἱ·

384 2128 545 2226 stinguit.
632 2160 639 2178 =
716 2224 721 2232 .
917 2131 918 2134 ’

335 2251 509 2315 Calamitas
531 2261 564 2315 et
583 2252 793 2334 inbrrtuuium,
821 2250 904 2332 quod
925 2250 1016 2314 nobis
1038 2251 1181 2350 adduxit,
1203 2253 1247 2314 ita
1267 2271 1364 2336 mag-

270 2378 345 2455 num
366 2369 446 2444 erat,
460 2369 495 2424 ut
508 2361 729 2444 praecedentis
748 2361 936 2423 calamitatis
959 2361 1050 2442 quasi
1068 2357 1205 2443 lapidem
1221 2361 1364 2424 conden-

271 2474 335 2529 tem
347 2469 565 2552 exstingueret
578 2477 610 2531 et
624 2489 684 2532 nos
701 2487 804 2532 rorum
822 2468 1079 2550 praecedentium
1093 2468 1362 2530 oblivisceremur.

269 2575 307 2636 In
325 2577 450 2660 magnis
470 2578 685 2660 gravibusque
705 2578 799 2640 rebus
820 2567 1021 2657 proverbium
1044 2575 1217 2640 adhibetru.

644 2704 686 2744 “a
759 2721 778 2742 a
807 2696 844 2741 a!
923 2719 942 2740 α

476 2767 478 2772 ’
571 2743 702 2895 “bf
747 2742 843 2865 Μ
879 2741 978 2846 sit*-
1025 2789 1072 2840 vn
1135 2776 1141 2789 '

271 2947 329 3016 78.
380 2940 604 3045 Adportavit
628 2946 706 3018 eius
732 2959 837 3044 pater
863 2940 1033 3044 dactylos
1056 2959 1236 3015 recentes.

353 3067 518 3130 Proverbii
539 3068 629 3136 buius
636 3112 648 3156 7
678 3067 762 3150 quod
790 3068 821 3129 in
843 3087 914 3130 eum
936 3063 1059 3152 dicitur,
1081 3068 1134 3148 qui
1153 3085 1258 3148 pauco
1279 3087 1361 3130 cou-

271 3183 377 3237 tentus
398 3183 459 3258 est,
481 3185 644 3238 auctorem
666 3175 881 3238 Sebaibabum
902 3167 1222 3238 beu-Dsi-l’Nabain¹
1234 3175 1361 3236 Abbdi-

271 3289 335 3343 tam
362 3281 487 3344 habent.
530 3276 588 3346 Vir
609 3285 682 3368 iste,
706 3303 798 3367 quem
819 3284 967 3367 segnitiei
990 3291 1022 3346 et
1043 3280 1234 3365 stupiditatis
1257 3283 1360 3366 argu·

269 3397 336 3472 unt,
358 3406 431 3450 oum
452 3391 605 3453 nonnullis
627 3393 658 3455 in
678 3391 940 3456 Nabathaeorum
967 3391 1129 3474 regionem
1150 3391 1209 3451 iter
1229 3389 1358 3451 lecerat.

269 3497 316 3560 lbi
341 3497 475 3577 puellam
501 3497 675 3584 pulchram,
702 3500 792 3562 cuius
825 3517 933 3560 amore
959 3501 1073 3579 captus
1108 3503 1191 3579 erat,
1227 3495 1358 3559 multum

269 3604 393 3688 quidem
420 3605 516 3666 sociis
548 3605 819 3691 dissuadentibus,
847 3607 879 3667 in
912 3599 1139 3667 matrimonium
1166 3603 1263 3666 duxit.
1303 3602 1358 3665 Ad

269 3731 347 3775 suos
374 3711 476 3774 redux
501 3710 627 3795 factus,
658 3731 751 3794 quum
779 3713 905 3794 puellae
932 3719 1028 3792 pater.
1050 3711 1146 3774 filiam
1173 3712 1358 3774 visitaturus

265 3820 347 3883 inter
382 3821 443 3882 alia
478 3837 610 3885 munera
644 3819 790 3902 dactylos
824 3824 971 3880 recentes
1002 3835 1113 3880 secum
1142 3818 1357 3900 adportasset,

268 3946 367 4012 gener
388 3927 473 4014 dulci
494 3946 602 3990 eorum
625 3946 740 4010 sapore
762 3926 937 4018 delectatus
963 3933 996 3989 ct
1016 3924 1132 4024 gaudio
1153 3929 1265 4010 plenus
1287 3926 1360 4008 suis

269 4055 337 4100 rem
357 4036 420 4098 hoc
439 4055 537 4100 versu
558 4037 727 4098 nuntiavit:

316 4166 416 4304 ng.
439 4158 549 4290 022?
573 4181 669 4280 n.
694 4169 772 4288 a...
845 4164 1046 4313 ef&
1066 4171 1264 4304 ento
1278 4191 1309 4308 a
