3004 4926
588 283 816 386 -.ie-

235 505 401 569 Proverbii
428 521 544 568 sensus
575 522 639 567 non
667 502 774 566 differt
800 521 821 566 a
846 503 1032 586 proverbio,
1062 505 1146 588 quod
1168 504 1247 590 Cap.

153 614 182 697 1,
208 611 254 676 17.
275 612 418 694 iegitur
409 633 428 672 1
451 632 479 673 e.
503 611 649 693 Optimus
670 611 806 692 quisque
826 629 934 673 errare
954 620 1070 694 potest

487 745 575 779 cauea
685 752 741 778 u
798 734 844 777 ὅ,

445 779 963 942 ·5<Jigacuu)vt

154 985 212 1054 te.
263 979 382 1080 Saepe
409 1005 540 1052 cursus
566 981 605 1050 in
630 1004 740 1052 sacco
767 994 832 1052 est.

234 1106 344 1186 liques
373 1105 413 1167 ab
442 1103 535 1166 hoste
563 1103 709 1188 fugiens,
737 1104 878 1187 foetum,
908 1123 1001 1187 quem
1027 1105 1058 1167 in
1078 1104 1133 1168 via
1153 1105 1249 1167 enixa

152 1220 221 1276 erat
242 1231 336 1297 equa,
358 1230 420 1295 qua
441 1211 634 1295 vehebatur,
656 1211 689 1274 in
709 1230 808 1298 sacco
830 1230 941 1275 secum
962 1214 1111 1295 portavit.
1142 1213 1249 1292 Quum

150 1321 256 1383 houtie
284 1339 385 1401 prope
411 1321 584 1402 insequens
613 1321 643 1381 ei
671 1319 808 1383 diceret:
841 1323 1011 1404 equuleum
1038 1321 1112 1382 mihi
1138 1330 1249 1384 trans-

149 1428 257 1511 mitte,
287 1444 387 1508 eques
414 1425 485 1487 istis
505 1425 664 1508 proverbii
684 1427 792 1489 verbis
814 1427 979 1510 respondit
999 1427 1246 1513 significaturum,

150 1535 321 1620 equuleum
343 1552 537 1616 generosum
559 1552 645 1596 esse.
687 1534 895 1599 Proverbium
923 1543 1029 1598 autern
1049 1535 1081 1597 in
1103 1555 1174 1598 eum
1196 1535 1248 1597 di-

150 1649 246 1730 eitur,
268 1648 359 1709 cuius
379 1653 514 1707 naturae
535 1644 657 1707 indoles
678 1643 803 1708 laudem
823 1653 971 1708 meretur.

553 1789 573 1810 a
729 1767 858 1811 αἱ)

433 1807 859 1951 ς)·*ᾄ’4ἶ”ὀ“““·Ή-’)
931 1832 983 1910 Vi

529 1948 548 1968 ,
636 1948 727 1976 ..

150 2021 210 2090 73.
262 2013 381 2114 Saepe
411 2009 589 2085 festinans
615 2013 654 2084 in
680 2011 959 2086 cunctationem
982 2011 1123 2089 incidit.

232 2142 437 2205 Festinaturo
471 2139 521 2201 oui
554 2139 625 2222 ipsa
658 2138 821 2202 festinatio
852 2154 953 2202 causa
983 2140 1153 2205 cunctandi
1184 2151 1248 2226 cst,

148 2252 232 2316 haec
252 2251 353 2313 verba
376 2248 532 2310 dicuntur

264 2347 331 2394 §a
366 2360 411 2392 u
425 2360 442 2391 o
517 2358 534 2390 u
607 2355 668 2389 a

261 2344 1032 2556 uddfflfflfifls’w'ss
1101 2404 1152 2490 Vi*

149 2595 209 2669 74
259 2591 375 2666 Pedes
401 2590 478 2664 duo
506 2606 680 2664 mutuum
714 2593 880 2690 rogantis
914 2588 1111 2666 celeriores
1144 2608 1245 2683 sunt,

258 2744 373 2820 quam
397 2714 511 2818 pedes
537 2713 727 2790 solventis.

231 2847 267 2906 ln
288 2864 361 2907 eum
382 2844 513 2925 dicitur,
536 2844 589 2926 qui
610 2842 800 2906 festinanter
820 2817 965 2906 mutuum
991 2850 1103 2926 rogat,
1132 2843 1224 2905 sed
1213 2865 1246 2906 111

148 2953 306 3019 solvendo
327 2952 437 3016 tardus
458 2961 519 3016 est.

148 3305 207 3374 75.
259 3297 378 3399 Saepe
403 3323 459 3387 ea,
486 3322 584 3398 quae
610 3194 756 3384 odia„
726 3295 795 3368 tibi
819 3293 1010 3370 molestior
1035 3311 1102 3385 est,
1130 3322 1241 3398 quam

260 3441 390 3496 maier·

230 3551 317 3616 Dum
338 3568 395 3634 ea,
420 3567 503 3631 quae
526 3556 559 3611 te
580 3545 662 3628 odit,
690 3564 846 3610 summam
867 3562 975 3609 curam
995 3555 1028 3609 et
1049 3546 1243 3630 diligentiam

147 3657 190 3722 ud
211 3657 392 3742 detegenda
419 3657 498 3720 vitia
524 3665 581 3719 tua
607 3653 736 3717 adhibet
763 3661 796 3715 et
820 3652 852 3715 in
874 3670 975 3716 causa
997 3662 1066 3735 est,
1092 3671 1148 3716 cur
1168 3670 1243 3714 cor·

146 3764 274 3852 rigaris,
295 3777 408 3853 mater,
430 3775 466 3830 ut
486 3766 566 3830 vitia
578 3774 643 3828 tua
663 3770 771 3848 tegat,
794 3781 924 3843 operam
944 3761 1007 3824 dat.

146 4136 208 4211 76.
260 4135 380 4238 Saepe
414 4133 532 4207 frater
566 4133 632 4208 tibi
667 4148 769 4220 est,
765 4158 890 4235 quern
922 4145 1041 4202 mater
1075 4146 1139 4206 tua
1165 4157 1243 4206 non
1356 4180 1359 4188 ,

262 4261 420 4364 peperit.

1001 4409 1048 4479 36
