2986 4930
662 341 888 404 „mem-

228 528 339 608 pluvie
360 526 486 608 effecit,
515 526 620 588 eitum.
672 525 707 588 ln
732 531 862 604 gentem
884 520 995 586 dieitur
1002 566 1013 604 ,
1042 538 1122 602 qnae
1145 519 1326 588 calamitate

232 635 360 700 adflicta
380 653 458 717 erge
478 634 560 699 atos
581 632 777 714 superbene
798 629 892 714 gerit.

496 754 578 955 {eb
613 751 719 946 Sin,
756 751 869 961 tatfi
897 753 1093 898 '3qu

231 1005 289 1078 76.
340 1001 510 1074 Amicitia
534 999 701 1073 Arabum
727 1015 764 1072 et
790 1024 850 1072 ees
876 997 1036 1071 alienum
1064 1023 1189 1096 grave

194 1133 196 1140 '
313 1128 490 1190 Proverbio
510 1134 644 1188 metrum
664 1124 861 1207 Redjesest.
884 1122 1202 1210 Οοηΐ.1.ιιι.ρ.230.Ι
1238 1125 1325 1185 Arn-¹

230 1239 289 1298 bes
319 1243 515 1318 campestres
544 1235 735 1313 nominavit,
766 1233 849 1315 quod
873 1234 1001 1314 saepius
1022 1233 1170 1296 maximis
1192 1231 1327 1293 celemi-

196 1343 199 1352 '
231 1343 350 1405 tatibus
372 1342 562 1424 adfliguntnr
589 1351 622 1404 et
647 1341 761 1404 amieis
790 1359 887 1404 onere
915 1342 1077 1421 imponunt
1098 1357 1159 1400 non
1185 1337 1325 1400 ferenda

231 1452 269 1511 In
294 1469 365 1511 enm
393 1447 521 1531 dieitur,
552 1446 602 1510 eni
631 1466 685 1510 ree
712 1447 838 1529 ingrate
863 1455 896 1509 et
922 1447 1077 1529 difficilis,
1104 1465 1186 1527 qnee
1214 1446 1326 1508 evitari

231 1577 295 1621 non
316 1565 439 1640 potest,
459 1554 642 1638 peragenda
664 1563 723 1621 est.

233 1931 292 1997 77.
343 1925 462 1996 Mores
488 1923 565 1995 aris
591 1920 754 1994 tardae
744 1949 783 1994 m
809 1937 920 2010 terra,
953 1923 1058 1995 cuins
1085 1924 1262 2022 accipiter·
1288 1922 1324 1991 in

344 2044 479 2148 plumis
506 2045 741 2118 abscondidit
767 2064 894 2148 capnt.

313 2195 489 2258 Proverbio
513 2204 646 2265 metrum
670 2195 764 2258 Serih
791 2203 850 2261 est.
891 2195 984 2258 conf.
1013 2199 1033 2258 l.
1062 2217 1103 2259 m.
1124 2217 1154 2278 p.
1177 2197 1247 2262 246.
1289 2200 1325 2259 ln

231 2313 361 2389 gentem
383 2304 513 2389 dicitur,
544 2305 679 2398 quaein
700 2303 832 2387 regione
853 2324 1008 2388 grassans
1029 2325 1049 2382 e
1076 2306 1216 2388 principe
1244 2307 1324 2369 iltius

231 2414 371 2496 regionis
392 2433 454 2476 non
476 2414 608 2498 punitur.

408 2545 530 2736 56}
565 2560 676 2679 tn}
709 2599 746 2699 ,ς
782 2548 894 2677 ot„
929 2547 1056 2722 ἐξιὲ
1126 2633 1175 2680 vr

231 2787 290 2857 78.
342 2755 474 2854 Socios
513 2780 628 2854 sahdi
665 2782 721 2856 fni
760 2787 797 2857 in
836 2783 1009 2856 abortivo
1049 2782 1178 2855 cameli
1209 2784 1324 2858 ¹foetu

344 2905 576 3008 imperfecto.

314 3051 487 3112 Proverbio
508 3059 643 3112 metrum
664 3049 787 3131 Redjes
808 3059 867 3112 est.
897 3049 991 3113 Gens.
1012 3050 1031 3113 1.
1053 3073 1093 3115 m.
1115 3071 1145 3134 p.
1165 3051 1236 3114 230.
1290 3057 1325 3113 trr

232 3156 312 3218 duos
332 3158 420 3220 viros
441 3157 572 3239 dicitnr,
594 3159 646 3241 qni
666 3159 747 3220 inter
767 3177 803 3220 se
826 3158 867 3220 de
888 3178 923 3220 ro
943 3159 1043 3221 inutili
1062 3161 1195 3264 litigant.

427 3275 544 3439 offis
578 3289 743 3443 stoi-w
778 3292 880 3446 ,4354
918 3279 1158 3425 &hiet

233 3525 292 3596 79.
343 3523 466 3614 Quam
495 3552 612 3627 prava
646 3542 683 3597 et
711 3543 893 3628 corrupta
919 3541 973 3597 est
998 3528 1116 3627 gentis
1144 3526 1325 3618 conditio,

344 3650 450 3724 cuius
477 3652 728 3754 principatum
752 3649 886 3724 mulier
913 3657 1033 3728 tenet!

313 3801 490 3866 Proverbin
510 3812 646 3868 metrum
667 3803 762 3870 sarth
783 3811 843 3864 est.
867 3801 960 3868 Conf.
982 3803 1001 3864 1.
1022 3822 1063 3864 m.
1085 3822 1115 3883 p.
1136 3802 1208 3866 246.
1250 3803 1325 3866 Vo-

232 3910 378 3974 cabulum
408 3912 511 3994 pit>
537 3932 671 3976 neonem
698 3912 864 3975 monilibus
892 3918 1068 3994 orontem«,
1097 3931 1159 3994 qne
1178 3912 1327 3978 mulieres

232 4033 370 4098 medium
391 4054 506 4118 eorpus
530 4037 672 4122 cingunt,
694 4035 862 4120 significet.
890 4035 964 4098 Hoc
984 4036 1014 4100 in
1035 4038 1202 4118 proverbio
1215 4045 1325 4101 eutem

231 4141 330 4226 pte>
356 4152 407 4206 est
426 4163 484 4227 pro
505 4146 604 4229 gott>
630 4147 698 4212 ern
720 4144 860 4210 »ornata
880 4136 992 4208 zenon
1036 4147 1073 4208 In
1087 4146 1183 4212 vilem
1202 4147 1325 4230 dicitur,

233 4267 440 4353 quinctilem
462 4279 585 4352 regnet.
