2986 4930
625 343 854 408 -461--

229 543 280 596 ter
306 531 558 596 recordationem
585 535 654 596 cius
682 531 756 595 nihil
785 531 1011 615 obtinuissem,
1039 532 1150 596 similis
1166 499 1208 598 'ei
1230 535 1283 618 qui

230 658 345 722 aquam
366 658 462 701 manu
484 635 604 721 capit.“

188 746 317 810 Versus
337 755 472 810 metrum
493 742 627 810 'l'hawil¹
640 754 700 810 est.
743 747 837 811 Geni.
858 746 926 810 libr.
947 766 989 813 m.
1009 767 1039 831 p.
1061 747 1131 810 161.

527 903 598 939 ec>
654 907 671 940 c
773 891 892 940 >005

498 965 612 1064 &³⁵
645 978 715 1095 ωδ
749 939 888 1062 quil
961 955 999 1038 iil

193 1169 275 1236 121.
325 1164 441 1262 Magis¹
467 1162 689 1253 frustratus,
716 1188 831 1263 quam
856 1162 1059 1238 Honainus.

273 1298 325 1359 De
353 1296 415 1359 boc
442 1297 511 1360 viro
540 1297 752 1381 genealogiae
772 1295 863 1378 periti
884 1317 947 1359 non
970 1296 1177 1362 consentiunt.
1219 1296 1285 1358 Al-

189 1403 384 1486 sobarkijjus
404 1405 671 1467 ben-Alkathami
691 1403 780 1489 dixit,
801 1405 904 1466 virum
925 1404 1027 1466 fuisse
1047 1403 1285 1468 Koraischitcm
1377 1392 1384 1400 ’

189 1520 224 1574 ct
244 1512 329 1575 hanc
350 1513 450 1575 fuisse
477 1511 638 1594 proverbii
665 1511 827 1594 originem.
869 1511 1066 1573 Harchimus
1087 1508 1285 1572 ben-Ahbd-

189 1619 308 1683 Menai
324 1622 424 1683 multa
443 1609 630 1683 mercaturae
655 1638 754 1682 causa
774 1620 886 1682 itinera
907 1619 987 1681 inter
1007 1626 1124 1702 gentes
1145 1617 1285 1681 faciebat

190 1734 224 1788 ct
245 1727 277 1788 in
297 1727 347 1790 his
368 1727 530 1789 itineribus
558 1728 656 1789 multa
679 1727 876 1789 matrimonia
899 1727 1006 1790 inibat.
1048 1728 1203 1790 Familiae
1223 1747 1285 1789 cu-

190 1843 255 1898 tem
276 1835 384 1898 abiens
406 1833 591 1897 mandatum
610 1832 750 1919 dederat,
773 1842 817 1915 ut,
838 1835 869 1896 si
892 1834 963 1916 quis
977 1833 1074 1896 lilium
1090 1852 1163 1896 cum
1178 1834 1305 1919 siguo,

190 1943 278 2024 quod
304 1942 518 2025 indicaverat,
548 1940 705 2031 adferret,
742 1960 814 2003 eum
841 1943 1040 2025 acciperent,
1075 1942 1221 2004 vestibus
1251 1947 1286 2002 et

189 2049 294 2110 ocreis
314 2049 489 2112 induerent.
531 2050 667 2112 Factum
688 2057 794 2111 autem
819 2057 880 2134 est,
902 2056 948 2132 ut,
971 2067 1064 2131 quum
1086 2049 1283 2113 Haschimus

189 2153 220 2215 in
249 2153 369 2218 Arabia
401 2156 489 2218 felici
516 2155 712 2246 matrimonio
743 2155 819 2218 inito
844 2175 976 2236 puerum
1003 2164 1111 2217 natum
1140 2155 1183 2217 ad
1203 2171 1287 2232 suos

188 2261 347 2345 misisset,
381 2274 414 2324 et
447 2261 597 2324 adferens
625 2263 750 2344 signum
777 2263 918 2325 indicare
946 2281 1008 2325 non
1033 2270 1166 2344 posset,
1201 2280 1283 2343 puer

189 2369 406 2430 remitteretur.
457 2369 560 2448 Quum
594 2371 690 2452 igitur
723 2389 801 2450 puer
827 2369 869 2432 ad
897 2388 974 2432 suos
1002 2370 1153 2432 reductus
1182 2378 1281 2455 esset,

192 2472 350 2536 dixerunt:
372 2487 452 2564 W
468 2489 549 2550 §05-
565 2477 631 2560 sl?
652 2477 871 2563 „Adportavit
892 2497 1005 2542 ocreas
1025 2473 1187 2540 Honaiui“
1211 2480 1232 2541 i.
1254 2497 1283 2540 c.

191 2617 289 2682 suas3
310 2601 447 2663 Honaini
461 2604 543 2664 enim
557 2623 671 2666 nomen
685 2623 783 2684 puero
802 2603 1033 2685 imposuerant3
1053 2603 1073 2665 i.
1096 2625 1123 2666 e.
1144 2603 1283 2666 frustra-

192 2716 246 2771 tus
267 2719 335 2792 est3
364 2714 486 2802 namsi
507 2720 661 2793 acceptus
681 2713 815 2795 fuisset,
843 2713 943 2793 patris
967 2713 1016 2773 sui
1038 2729 1150 2775 ocreas
1170 2728 1284 2794 repor-

192 2823 305 2878 tasset.
347 2817 441 2879 Alius
462 2817 544 2880 lianc
565 2820 725 2902 proverbii
747 2820 900 2902 originem
922 2838 998 2882 esse
1018 2821 1175 2883 narravit:
1209 2821 1283 2883 Ho-

190 2925 303 2985 nainus
324 2924 384 2986 viri
405 2943 519 3013 nomen
547 2935 636 3009 erat,
663 2927 694 2988 in
722 2928 793 2988 loco
814 2924 941 3006 Nadjaf
942 2959 957 3010 ,1
984 2927 1038 3006 qui
1059 2926 1100 2988 ad
1120 2928 1292 3009 regionem.

190 3028 434 3094 limat-Cularo
454 3032 609 3119 pertinet,
631 3031 741 3094 sedem
761 3032 906 3094 habentis
928 3032 1102 3094 Ibboditae.
1145 3033 1282 3112 Quidam

190 3158 234 3202 cx
254 3139 365 3202 incolis
388 3139 479 3222 Culte
501 3159 586 3220 eum,
608 3147 643 3202 ut
663 3141 741 3221 ipsis
763 3148 905 3222 caneret,
926 3141 1148 3204 invitaverant.
1178 3141 1282 3220 Quum

189 3254 295 3308 autem
317 3263 389 3307 cunr
410 3245 449 3308 iis
470 3248 502 3307 iu
524 3265 670 3328 campum
690 3248 833 3330 exiisset,
853 3248 999 3309 vestibus
1021 3267 1094 3310 curn
1115 3250 1282 3331 spoliatum

190 3373 263 3417 cum
290 3354 367 3416 solis
398 3355 502 3416 ocreis
536 3354 729 3417 dimiserunt.
777 3355 830 3416 Ad
857 3373 934 3416 suos
961 3373 1092 3417 reverso
1121 3357 1281 3422 dixerunt:

189 3471 279 3544 ως
308 3477 406 3563 0⁰⁵
432 3466 494 3546 A?
525 3463 651 3548 „Venit
670 3465 837 3525 Honainus
861 3481 935 3525 cum
957 3465 1059 3526 ocreis
1080 3463 1188 3544 suis“,
1213 3487 1281 3549 quc

189 3587 290 3651 verba
316 3588 347 3648 in
384 3607 507 3650 omnem
541 3607 600 3670 spe
636 3589 793 3652 deiectum
827 3589 941 3652 dicunt.
991 3590 1074 3652 Huic
1107 3600 1282 3672 sequentes

189 3711 307 3756 versus
328 3695 532 3758 adscribunt:

190 3832 312 3969 „aqut
328 3835 426 3954 ktut
443 3832 476 3990 t,
506 3875 620 3976 ⁶...
647 3851 687 3956 og
788 3837 939 3952 Μ
959 3847 1057 3976 &2¹53
1083 3879 1199 3962 e»
1226 3829 1282 3932 ni

483 4060 602 4200 ..nr
621 4095 746 4176 133
772 4077 888 4201 ete
914 4065 987 4179 ..s

188 4263 287 4346 „llige
315 4281 386 4326 aum
414 4263 626 4328 llouainus
654 4274 687 4329 et
712 4263 914 4345 Alnadjel
937 4263 1148 4330 babitaculum
1174 4283 1280 4330 mcum
1346 4289 1348 4294 ¹
